5034 6084
1236 650 1283 718 56

592 833 694 923 Quae
718 832 868 931 quidem
885 831 930 906 de
957 832 1140 904 humanae
1165 845 1318 904 naturae
1337 831 1503 929 partibus
1522 845 1557 904 et
1582 829 1627 904 de
1645 845 1745 904 arcta
1767 831 2024 907 coniunctione

490 938 584 1011 inter
618 961 751 1035 corpus
787 949 821 1008 et
862 934 1041 1027 animam,
1084 933 1218 1033 quippe
1262 959 1355 1030 quae
1390 934 1469 1033 ipsa
1509 959 1594 1031 pars
1630 933 1846 1007 universalis
1877 935 2025 1051 spiritus

490 1038 582 1112 exist
569 1037 734 1111 timenda
760 1053 823 1131 est,
845 1036 981 1134 placita
1004 1062 1080 1108 non
1108 1062 1152 1108 ex
1167 1034 1362 1108 Platonica
1386 1037 1511 1109 schola
1535 1033 1706 1134 pendere,
1732 1035 1796 1109 sed
1822 1037 2025 1110 arctissime

491 1166 574 1214 cum
602 1139 725 1213 Stoica
760 1138 955 1237 disciplina
989 1138 1225 1211 cohaerentia
1251 1137 1393 1210 exculta
1423 1164 1520 1231 esse,
1555 1138 1703 1253 egregie
1740 1153 1775 1212 et
1799 1138 1939 1211 subtilit
1925 1154 1980 1214 ter
2003 1166 2026 1212 a

492 1242 688 1315 Dunckero
719 1255 961 1313 monstratum
997 1254 1051 1314 est
1066 1242 1106 1337 1).
1166 1238 1264 1312 Nam
1299 1254 1335 1313 et
1361 1238 1567 1313 Stoicorum
1601 1240 1810 1314 universam
1837 1240 2025 1316 doctrinae

491 1346 672 1417 rationem
706 1342 960 1441 respicientes,
995 1341 1215 1415 naturalium
1251 1367 1374 1415 rerum
1406 1341 1645 1441 proprietates
1678 1342 1827 1415 nonnisi
1860 1342 2026 1417 diversos

491 1445 630 1546 gradus
656 1471 718 1519 eos
740 1459 805 1543 put
806 1471 868 1517 are
894 1444 1153 1543 intelligimus,
1183 1444 1344 1515 animam
1373 1458 1500 1517 contra
1525 1444 1743 1517 universalis
1769 1445 1917 1544 spiritus
1940 1472 2024 1545 par-

459 1633 466 1647 ,
491 1568 575 1641 tem,
601 1573 841 1646 peromnem
869 1547 1059 1620 materiam
1085 1546 1308 1645 permeantis
1336 1544 1381 1618 iis
1400 1545 1516 1618 visam
1542 1546 1702 1640 fuisse,
1692 1573 1801 1618 iarn
1795 1574 1905 1647 supra
1925 1573 2026 1620 com·

406 1674 409 1687 “
492 1663 733 1724 memoratum
761 1662 825 1722 est

592 1751 728 1825 Verum
764 1750 863 1824 enim
906 1775 992 1823 vero
1028 1749 1229 1822 maximum
1262 1749 1359 1823 inter
1392 1747 1553 1822 Stoicam
1598 1766 1633 1824 et
1619 1750 1746 1824 tt'sa
1722 1763 1882 1824 traneam
1915 1750 2025 1824 disci-

490 1854 630 1953 plinam
662 1853 860 1926 discrimen
895 1878 992 1947 esse,
1029 1879 1104 1925 non
1137 1851 1258 1923 minus
1285 1864 1495 1951 promptum
1522 1867 1585 1925 est.
1645 1852 1729 1925 Non
1756 1853 1856 1927 eninr
1883 1852 2026 1926 Stoicos

493 1971 634 2030 secutus
662 1955 830 2070 spiritum
856 1953 959 2026 illum
987 1980 1135 2027 omnem
1161 1953 1352 2026 materiam
1372 1952 1633 2053 pervadentem
1658 1953 1780 2053 ipsum
1801 1955 1918 2027 Deum
1947 1981 2026 2028 esse

491 2057 657 2157 putabat,
696 2056 887 2130 materiam
914 2069 976 2128 aut
977 2082 1036 2129 ern
1062 2055 1160 2129 idern
1190 2078 1234 2127 ac
1257 2055 1376 2129 Deum
1402 2081 1481 2129 esse
1506 2081 1721 2154 persuasura
1749 2055 1821 2129 sibi
1849 2056 2026 2129 Tatianus

491 2160 668 2233 habebat:
702 2159 803 2233 sed
793 2158 960 2257 spiritum
983 2158 1096 2253 illum,
1125 2158 1212 2255 quia
1228 2157 1465 2252 materialem,
1483 2157 1673 2259 dignitate
1692 2158 1846 2257 locoque
1872 2159 2025 2231 multum

493 2261 621 2336 cedere
649 2262 728 2338 Deo
764 2259 1013 2332 invisibilit
978 2274 1013 2332 et
1045 2259 1430 2360 incomprehensibili,
1471 2260 1606 2359 quippe
1642 2260 1705 2357 qui
1740 2260 1886 2360 spiritus
1921 2261 2026 2358 quasi

494 2363 692 2464 superioris
725 2360 866 2435 ordinis
900 2361 965 2455 sit,
1004 2361 1198 2461 spirituum
1231 2361 1476 2434 materialium
1510 2378 1545 2434 et
1575 2361 1809 2435 firmarum
1799 2388 1838 2434 ιιι
1873 2362 2027 2436 materia
2116 2433 2123 2453 ‚

493 2468 571 2565 ipse
611 2464 734 2565 opifex
761 2462 1000 2581 omniumque
1033 2490 1155 2537 rerum
1178 2477 1255 2536 tum
1290 2462 1491 2536 visibilium
1528 2477 1606 2536 tum
1631 2464 1873 2539 invisibilium
1900 2478 2027 2538 auctor

494 2585 529 2642 et
554 2582 666 2666 pater,
694 2566 829 2667 apertis
855 2564 978 2640 verbis
1002 2564 1164 2664 docet2).
1225 2564 1345 2682 Quem
1374 2564 1520 2663 quidem
1556 2591 1740 2640 summurn
1766 2567 1886 2639 Deum
1914 2593 2026 2665 quum

495 2670 574 2743 sine
599 2668 673 2742 ullo
693 2694 846 2767 corpore
873 2693 952 2742 esse
974 2667 1163 2768 saepius0
1142 2667 1358 2741 oravissime
1385 2667 1583 2741 contendat
1569 2670 1635 2766 δ,)
1664 2666 1869 2742 Stoicorum
1916 2669 2024 2742 lecito

493 2772 611 2845 Deum
639 2795 854 2870 corporeum
881 2769 1117 2869 fingentium,
1150 2771 1369 2869 impugnare
1395 2769 1503 2842 nobis
1528 2770 1682 2844 videtur.
1740 2771 1796 2844 lta
1822 2785 1924 2844 ett
1883 2696 2023 2844 hoico-

495 2900 577 2946 rum
603 2872 649 2947 de
667 2871 954 2972 conflagratione
980 2871 1109 2944 mundi
1132 2872 1331 2966 doctrinae,
1365 2872 1477 2944 variis
1503 2872 1765 2971 temporibus
1755 2887 1898 2966 rterata,
1926 2874 2023 2945 chri-

496 2976 651 3049 stianam
675 2974 837 3074 opponit,
864 2973 1001 3048 docens
1025 2974 1137 3048 semel
1162 2989 1303 3047 tantum
1330 2974 1431 3046 illam
1458 2972 1785 3073 conflagrationem
1812 2988 2023 3049 eventuram

495 3104 584 3153 esse.
645 3077 702 3150 De
737 3103 810 3174 quo
844 3076 938 3149 inter
973 3076 1209 3149 christianam
1243 3089 1279 3149 et
1314 3076 1486 3173 antiquae
1519 3076 1775 3176 philosophiae
1810 3077 2025 3176 opinionem

495 3178 707 3253 discrimine
740 3205 852 3276 quum
888 3176 961 3251 alio
998 3178 1078 3250 loco
1111 3177 1436 3279 disputaverimus:
1475 3203 1656 3275 quaenam
1695 3204 1846 3253 caussae
1878 3178 2023 3274 fuerint,

496 3282 629 3379 quibus
662 3280 811 3376 adducti
846 3280 915 3352 viri
949 3279 1048 3352 docti
1081 3280 1297 3371 Tatianum,
1332 3278 1606 3352 Platonicorum
1642 3280 1819 3354 formulas
1851 3296 2023 3374 secutum,

495 3384 696 3456 humanam
723 3397 786 3455 nat
787 3409 890 3455 uram
925 3380 1143 3481 tripartitam
1178 3408 1257 3455 esse
1284 3381 1486 3474 censuisse,
1519 3398 1593 3454 tam
1624 3409 1732 3482 saepe
1760 3383 2024 3477 contenderint,

496 3485 698 3558 accuratius
724 3484 798 3557 iam
825 3510 1061 3583 exponamus.

598 3585 671 3675 Qui
698 3585 845 3684 quidem
878 3585 948 3658 viri
974 3584 1074 3659 docti
1099 3598 1134 3659 et
1162 3584 1377 3680 Tatianum,
1401 3585 1466 3657 ubi
1488 3583 1602 3679 dicat,
1630 3586 1798 3686 spiritum
1823 3587 2024 3687 perfectum

399 3752 402 3758 .
496 3690 573 3761 alas
600 3688 712 3761 fuisse
738 3688 893 3782 animae,
921 3713 1075 3786 eamque
1097 3713 1209 3785 quum
1236 3687 1403 3786 spiritum
1419 3687 1605 3787 peccando
1632 3688 1854 3788 proiecisset,
1881 3689 2024 3763 volasse

496 3790 586 3890 pulli
612 3791 786 3864 instaret
811 3788 913 3861 humi
940 3788 1120 3864 decidisse
1133 3793 1179 3883 4),
1209 3789 1403 3863 Platonem
1426 3804 1589 3863 secutum
1615 3791 1750 3886 volunt,
1778 3818 1886 3889 quern
1914 3791 2023 3865 etiarn

496 3893 767 3967 nobilissimam
801 3890 945 3963 animae
977 3905 1118 3989 partem
1151 3892 1228 3965 alas
1263 3917 1414 3966 vocasse
1447 3890 1591 3987 dicunt,
1632 3893 1731 3991 quod
1760 3920 1826 4010 per
1861 3919 1941 3967 eam
1976 3892 2024 3966 ad

496 3995 708 4069 sublimium
734 4020 856 4067 rerum
876 3993 1219 4111 contemplationem
1240 3994 1418 4111 efferatur,
1444 3993 1578 4110 partim
1604 3994 1651 4067 ad
1672 3996 1885 4095 opinionem
1903 3996 2025 4112 magis

496 4097 668 4172 tuendam
694 4095 840 4170 Tatiani
867 4094 913 4169 de
939 4094 1064 4168 divino
1097 4095 1225 4195 spiritu
1247 4120 1329 4168 cum
1361 4095 1490 4196 primis
1514 4095 1727 4171 hominibus
1755 4099 2024 4171 communicato

586 4453 615 4526 1)
640 4448 675 4507 V.
700 4450 874 4527 Apolcgett.
898 4469 974 4508 saec.
996 4450 1030 4508 11
1059 4450 1095 4509 de
1119 4462 1227 4510 esseut.
1252 4463 1312 4512 nat.
1345 4454 1425 4512 hum.
1450 4464 1524 4533 part
1549 4456 1588 4532 pl.
1634 4454 1786 4514 Particula
1808 4454 1854 4526 ll,
1885 4474 1914 4532 p.
1938 4456 1956 4513 5
1980 4476 2022 4534 sq

586 4536 866 4615 ιιη...)ι11ρ6
909 4536 1424 4613 TatOr.adGr.c.;..4cl2

584 4623 666 4692 3.)ι
691 4625 782 4701 asp
803 4626 879 4684 104:
903 4621 988 4695 σῶμά
1013 4646 1056 4688 τις
1080 4622 1153 4684 situi
1177 4626 1251 4701 λέγει
1274 4623 1358 4695 dede,
1382 4623 1437 4704 ἐγώ
1461 4622 1533 4685 δι’
1516 4623 1686 4699 ασώμαιιιι.
1720 4646 1735 4684 c
1769 4626 1859 4702 15p
1884 4626 1934 4683 68.
1965 4627 2024 4683 ι.4

498 4730 526 4787 p.
552 4710 604 4766 18:
633 4703 836 4785 ιιιθρωιιιίιις
858 4705 912 4769 uria
935 4710 1012 4769 ἔστιν
1036 4706 1148 4786 ὁρατὸς
1177 4707 1368 4785 ὀιιθαλμοις,
1396 4709 1431 4773 oti
1456 4712 1536 4790 τέχνῃ
1566 4716 1746 4789 περίληπιοι·
1768 4708 1794 4789 [ὁ
1816 4710 1960 4791 droul..

498 4795 611 4867 antipa
636 4792 651 4853 ὁ
675 4794 757 4862 θεός.

583 4883 666 4958 4)ι.
690 4886 746 4944 20:
774 4879 921 4958 πτέρωσις
943 4877 998 4959 ylio
1023 4878 1039 4959 ἡ
1063 4882 1114 4957 τῆς
1138 4898 1234 4961 ψυχις
1257 4875 1290 4942 ιιι
1313 4886 1426 4958 πνεῦμα
1450 4881 1483 4943 τὸ
1507 4884 1629 4954 τέλειοι,
1655 4881 1727 4960 ὅπερ
1750 4879 1952 4961 ιιιιοῤῥίψιισα
1976 4882 2025 4941 διὰ

497 4964 547 5043 τὴν
570 4964 733 5045 apapreat,
765 4968 836 5045 lurp
858 4966 955 5044 ὥςπερ
986 4963 1109 5035 νεοσσὸς
1139 4965 1188 5026 aui
1211 4968 1393 5047 populariis·
1414 4970 1538 5048 ι’γέιιιο.
1563 4970 1719 5049 μεταβᾶσα
1750 4967 1781 5029 δὲ
1812 4973 1863 5046 τῆς
1885 4966 2050 5047 οὐρανίου,

498 5077 654 5124 σνιιιυσιιις
677 5058 735 5114 τῶν
759 5054 926 5117 ἐλαττόνων
948 5078 1108 5129 paraveras
1130 5052 1325 5133 ἐπιπόθησιν.
