5034 6084
1163 652 1207 723 12

420 859 640 934 christianae
665 872 826 957 systema
852 853 1040 953 quoddam
1058 852 1283 954 colligerent,
1305 854 1515 930 Platonicae
1542 882 1626 932 suas
1648 858 1817 932 notiones
1836 857 1950 955 scrip-

419 976 521 1036 turae
554 960 769 1035 notionibus
802 959 939 1056 ubique
973 955 1164 1030 miscuisse
1190 971 1226 1031 et
1259 957 1358 1056 quod
1393 957 1433 1030 in
1455 958 1635 1057 scriptura
1669 987 1745 1033 non
1771 960 1953 1063 legeretur

421 1063 591 1162 quodque
618 1061 718 1137 credi
741 1062 891 1155 vellent,
915 1085 960 1133 ex
991 1085 1034 1133 ea
1060 1057 1255 1133 deduxisse
1281 1059 1535 1156 consectariis,
1565 1088 1642 1135 non
1669 1088 1714 1136 ex
1739 1088 1813 1135 uno
1841 1062 1952 1153 fonte,

412 1164 486 1240 ,sed
513 1191 558 1239 ex
583 1165 738 1239 Platone
760 1189 875 1261 aeque
900 1156 944 1234 ac
965 1188 1009 1235 ex
1031 1159 1235 1260 Prophetis,
1264 1160 1437 1236 derivatis
1464 1163 1751 1239 contendebant:
1780 1163 1952 1262 quodque

422 1267 554 1341 dicitur
590 1266 636 1341 de
671 1266 868 1341 verborum
898 1289 1035 1363 pompa
1071 1276 1106 1337 et
1139 1276 1302 1358 tumore,
1344 1264 1478 1362 quibus
1511 1263 1725 1365 simplicitas
1763 1264 1954 1340 doctrinae

420 1367 511 1443 «lesu
537 1368 733 1469 depravata
759 1368 822 1463 sit,
848 1364 1075 1441 Platonismo
1102 1362 1140 1436 id
1167 1364 1314 1438 crimini
1338 1366 1495 1440 dabatur
1509 1370 1556 1464 l),
1587 1382 1772 1466 totamque
1798 1367 1954 1467 dogma-

421 1484 499 1545 tum
533 1469 861 1545 ecclesiasticorum
894 1467 1086 1541 historiam
1115 1465 1267 1539 nonnisi
1300 1467 1618 1543 conturbationem
1649 1468 1849 1569 quamdam
1874 1495 1955 1543 esse

422 1587 458 1647 et
488 1571 777 1672 implicationem
814 1571 854 1644 in
887 1567 1153 1671 philosophicis
1185 1568 1384 1667 phrasibus
1417 1570 1633 1645 habebatur.
1695 1571 1768 1662 Qui
1804 1571 1952 1670 quidem

422 1673 494 1774 ipsi
532 1674 629 1749 docti
663 1674 731 1748 viri
769 1672 929 1747 maxime
970 1669 1175 1743 doctrinam
1211 1671 1457 1770 respiciebant
1489 1672 1535 1748 de
1572 1673 1750 1771 trinitate3
1797 1699 1953 1771 quorum

426 1789 554 1850 contra
580 1777 642 1874 qui
676 1776 923 1875 sequebantur
946 1771 1119 1872 vestigia,
1156 1771 1278 1847 etiam'
1297 1773 1336 1846 in
1359 1774 1487 1849 ceteris
1524 1773 1743 1876 dogmaticis
1778 1774 1956 1849 doctrinis

422 1878 679 1979 philosophiae
706 1878 958 1953 auctoritatem
984 1873 1235 1970 ostendebant,
1262 1901 1396 1974 easque
1415 1902 1491 1949 non
1516 1877 1638 1950 minus
1656 1903 1846 1977 perversas
1864 1903 1954 1965 esse,

424 1980 523 2053 haud
549 1981 690 2054 occulto
716 1978 985 2081 significabant.
1037 1976 1162 2050 Baltus
1190 1989 1318 2050 contra
1343 1978 1406 2076 qui
1432 1978 1663 2053 notissimum
1688 2007 1793 2053 suurn
1820 1978 1956 2052 librum

423 2083 617 2184 praecipue
649 2081 758 2156 dean.
786 2080 931 2155 Clerico
964 2092 1000 2152 et
1033 2077 1273 2154 Souverainio
1308 2080 1479 2181 opposuit
1511 2080 1559 2154 ad
1595 2081 1749 2155 alterum
1774 2080 1958 2182 procurrit

424 2198 626 2259 extremum
660 2183 884 2281 modumque
909 2180 1081 2276 excessit,
1114 2196 1237 2281 patres
1265 2180 1312 2254 ab
1347 2183 1449 2256 omni
1474 2182 1693 2257 Platonismi
1715 2183 1955 2284 imputatione

426 2287 622 2361 absolvens
637 2287 686 2385 ²),
722 2312 922 2382 numquam
951 2310 1013 2358 eos
1038 2282 1232 2360 Platonem
1267 2296 1409 2357 secutos
1431 2311 1527 2381 esse,
1565 2284 1629 2360 sed
1662 2285 1702 2358 in
1727 2285 1957 2387 gravissimis

426 2388 632 2486 quibusque
658 2387 835 2462 doctrinis
868 2385 1109 2489 philosophos
1140 2384 1334 2482 refellisse,
1368 2386 1620 2461 demonstrare
1646 2406 1809 2462 conatus.
1871 2387 1956 2462 Non

426 2490 530 2564 multi
551 2489 718 2565 doctores
737 2490 881 2564 Baltum
906 2489 1020 2563 secuti
1046 2500 1140 2560 sunt.
1192 2486 1296 2561 Licet
1320 2514 1407 2561 vero
1429 2488 1608 2590 plurimos
1629 2489 1822 2591 theologos
1848 2490 1888 2563 in
1913 2516 1957 2564 eo

426 2593 654 2667 consensisse
688 2591 892 2687 videamus,
923 2618 969 2665 ex
993 2587 1160 2663 Platonis
1185 2588 1422 2689 philosophia
1455 2592 1634 2664 nonnulla
1667 2590 1706 2664 in
1732 2592 1957 2709 theologiam

427 2693 666 2782 christianam
687 2693 845 2788 fluxisse,
871 2716 1097 2793 magnopere
1122 2690 1306 2764 tamenin
1330 2691 1539 2767 definiendo
1565 2708 1710 2793 patrum
1728 2693 1958 2768 Platonismo

430 2795 651 2869 dissentiunt
664 2809 714 2870 'et
740 2795 905 2895 plerique
930 2794 971 2868 in
996 2794 1145 2867 notione
1172 2791 1249 2866 eius
1285 2794 1538 2869 constituenda
1564 2795 1635 2897 ipsi
1661 2794 1830 2870 videntur
1855 2796 1959 2871 dubii

427 2897 539 2972 fuisse
571 2911 680 2995 atque
713 2897 890 2998 ambigui.
948 2896 1025 2970 Alii
1058 2921 1171 2994 quum
1200 2895 1405 2997 platonicas
1435 2896 1612 2972 formulas
1647 2897 1686 2970 in
1721 2898 1959 2973 christianam

427 3000 620 3073 translatas
648 3026 728 3074 esse
753 2999 975 3094 doctrinam,
1009 3010 1201 3097 patresque
1228 2998 1348 3098 magis
1375 3026 1420 3074 ex
1451 3000 1717 3100 philosophicis
1744 3000 1959 3101 disciplinis,

428 3128 539 3201 quam
574 3129 618 3176 ex
659 3102 858 3175 christiana
891 3099 1115 3175 conscientia
1151 3098 1368 3198 scriptisque
1402 3100 1517 3174 sacris
1552 3101 1757 3177 doctrinam
1793 3103 1960 3179 hausisse

428 3204 576 3301 vellent,
612 3204 676 3277 alii
703 3204 939 3304 cogitandum
971 3201 1091 3302 potius
1117 3200 1266 3275 aiebant
1294 3228 1374 3276 esse
1407 3200 1452 3277 de
1475 3203 1701 3304 argumentis
1729 3204 1961 3302 quibusdam,

429 3305 548 3403 deque
574 3306 771 3404 phrasibus
797 3319 833 3381 et
850 3302 1162 3398 similitudinibus,
1188 3302 1322 3401 quibus
1340 3304 1389 3377 ad
1415 3304 1650 3403 explicandas
1676 3306 1960 3381 christianorum

431 3407 616 3481 doctrinas
643 3409 699 3481 usi
726 3407 862 3482 fuerint
882 3420 1002 3507 patres
1020 3404 1212 3502 ecclesiae,
1240 3405 1329 3504 quin
1355 3422 1391 3481 et
1408 3406 1621 3481 Roesslerus
1636 3408 1666 3506 ὅ)
1694 3407 1961 3483 Platonismum

430 3522 575 3609 patrum
602 3509 695 3583 nihil
715 3509 787 3583 nisi
813 3507 1190 3584 accommodationem
1210 3534 1337 3582 eorum
1360 3508 1483 3603 fuisse,
1507 3508 1704 3585 defendere
1724 3525 1876 3586 conatus
1896 3529 1959 3587 est.

544 3610 792 3685 Platonismus
822 3612 854 3685 si
886 3612 959 3687 hoe
991 3636 1100 3685 sensu
1135 3608 1245 3685 modo
1280 3609 1441 3684 indicato
1467 3611 1834 3711 comprehendendus
1857 3629 1961 3709 esset,

430 3727 506 3787 tota
532 3712 577 3786 lis
603 3714 677 3786 iam
704 3741 779 3787 non
808 3713 944 3788 diutius
971 3712 1039 3786 sub
1065 3711 1323 3809 iudice'foret,
1352 3740 1438 3786 narn
1463 3713 1574 3788 talem
1599 3714 1647 3788 ad
1674 3714 1875 3790 excolenda
1901 3743 1962 3816 sy·

432 3829 597 3890 stemate
622 3816 785 3890 virorum
814 3815 1004 3889 doctorum
1038 3813 1289 3889 auctoritatem
1321 3814 1578 3916 philosophiae
1616 3816 1803 3915 literisque
1839 3818 1961 3893 erudi-

432 3931 554 3991 torum
580 3918 731 4008 onrninp
758 3944 834 3993 non
860 3917 989 4012 fuisse,
1020 3914 1175 4017 cogitari
1201 3943 1277 3988 non
1303 3930 1426 4015 posset
1452 3931 1487 3992 et
1512 3917 1604 3993 haec
1628 3932 1816 4019 praeterea
1843 3920 1962 4020 philo-

433 4019 584 4119 sophiae
609 4020 664 4093 vis
691 4033 766 4095 tam
793 4033 943 4095 externa
967 4019 1062 4093 foret
1087 4031 1127 4091 ut
1152 4018 1215 4116 qui
1237 4044 1318 4093 eam
1346 4032 1545 4119 negaturus
1571 4036 1667 4095 esset
1700 4021 1761 4094 vix
1788 4049 1882 4096 unus
1905 4050 1961 4097 re-

431 4121 620 4221 periretur.
672 4123 824 4196 Maioris
850 4121 1027 4197 momenti
1048 4120 1140 4194 haec
1164 4120 1329 4219 quaestio
1354 4133 1432 4194 tum
1448 4119 1597 4196 demum
1622 4137 1686 4218 est,
1714 4150 1825 4221 quum
1854 4152 1963 4223 quae·

542 4370 574 4447 1)
598 4370 657 4428 Art
678 4368 805 4447 critique
827 4365 852 4439 Ι,
877 4385 905 4445 p.
923 4367 997 4427 536.
1042 4364 1157 4424 Loffter
1179 4363 1198 4423 l.
1223 4363 1242 4423 l.
1266 4384 1294 4442 p.
1314 4366 1385 4426 295.

542 4457 574 4534 2)
599 4457 675 4516 Sunt
691 4453 783 4513 verba
799 4454 878 4513 eius:
902 4453 987 4511 Dens
1003 4452 1032 4511 le
1054 4450 1163 4511 second
1187 4451 1263 4509 livre
1281 4452 1314 4529 je
1337 4458 1509 4529 montreray
1532 4470 1591 4531 que
1614 4451 1657 4510 les
1679 4451 1791 4510 memes
1806 4453 1853 4514 Sa.
1869 4451 1963 4512 Pbres

434 4544 516 4603 n'oot
541 4544 651 4621 jamela
681 4542 757 4600 auivi
787 4540 818 4599 la
844 4538 1032 4619 philosophie
1054 4538 1296 4609 Platonicienne,
1328 4556 1378 4596 eur
1410 4537 1540 4617 quelque
1572 4536 1697 4596 muliere
1724 4557 1783 4618 que
1806 4560 1840 4599 ce
1863 4542 1963 4618 puisse

436 4632 515 4703 etre3
538 4640 569 4688 et
591 4630 679 4710 qu'au
702 4628 850 4687 contraire
873 4625 908 4683 ils
932 4626 1003 4685 l'ont
1025 4624 1152 4703 rejettde
1175 4623 1363 4684 absolument
1385 4634 1416 4682 et
1437 4643 1507 4682 sans
1529 4644 1644 4684 aucune
1667 4628 1834 4704 exception.
1878 4628 1964 4685 Dans

434 4717 463 4777 le
485 4714 637 4776 troisidme
661 4716 735 4773 livre
752 4716 786 4793 je
809 4713 895 4792 feray
918 4714 991 4786 voir,
1014 4731 1073 4791 que
1096 4730 1155 4770 non
1179 4711 1345 4771 seulement
1367 4710 1403 4769 ils
1424 4710 1498 4770 l'ont
1519 4712 1645 4789 rejettee
1668 4718 1699 4768 et
1720 4713 1903 4773 condemnes
1926 4733 1963 4774 eu

435 4802 573 4882 general,
597 4805 672 4862 meis
695 4820 802 4861 encore
824 4799 911 4881 qu'ils
933 4799 1005 4858 l'ont
1026 4798 1197 4857 combattue
1218 4797 1292 4856 dane
1316 4805 1382 4856 tous
1405 4815 1453 4856 see
1476 4799 1574 4876 points
1597 4799 1785 4877 principaux:
1818 4800 1904 4881 qu'ils
1928 4821 1964 4859 en

436 4901 487 4951 ont
508 4889 605 4949 refuta
628 4897 726 4949 tontes
749 4887 793 4946 lee
816 4905 932 4946 orreum
956 4904 1030 4945 avec
1053 4885 1207 4964 beaucoup
1231 4883 1269 4943 de
1291 4883 1387 4955 force,
1419 4895 1449 4943 et
1481 4884 1609 4963 qu’enfin
1641 4884 1677 4942 ils
1700 4884 1781 4944 n’ont
1804 4888 1866 4947 rien
1890 4888 1964 4947 omis

435 4997 510 5057 pour
532 4975 695 5035 confondre
718 4975 826 5033 Platon
850 4982 881 5033 et
903 4991 939 5031 en
963 4971 1078 5031 donner
1100 4971 1141 5030 du
1162 4971 1315 5058 meprisd
1336 4978 1402 5030 tout
1423 4972 1451 5030 le
1474 4970 1593 5030 monde.
1627 4989 1656 5049 p.
1681 4973 1709 5029 7.

542 5062 570 5144 3]
594 5063 641 5123 De
664 5060 853 5143 opinionibus
875 5057 1083 5140 philosophiae
1105 5058 1334 5118 ecclesiasticae.
1379 5057 1509 5134 Tubing.
1534 5056 1628 5122 1781.
1674 5059 1703 5116 4.
