5034 6084
1225 638 1272 709 68

491 828 574 902 nale
598 823 772 898 iudicium
798 821 915 896 sortiti
941 820 1024 917 sint,
1050 820 1165 921 ipsius
1191 818 1365 895 creatoris
1392 818 1626 895 simulacrum
1649 822 1688 895 in
1715 851 1754 899 se
1776 825 1865 924 ipsis
1883 825 2014 921 ferunt,

492 946 526 1005 et
550 955 615 1029 per
640 928 761 1027 ipsum
786 925 900 1024 logon
928 925 1181 1023 cognationem
1209 920 1407 1021 quamdam
1440 920 1579 997 habent
1605 949 1687 998 cum
1715 927 1813 1023 Deo,
1849 928 1951 1001 cuius
1977 943 2016 1001 ut

490 1029 689 1131 potentiam
716 1042 751 1102 et
776 1025 992 1124 sapientiam
1018 1038 1260 1125 cognoscant,
1298 1038 1333 1098 et
1365 1022 1404 1095 in
1436 1036 1623 1098 aeternum
1656 1043 1905 1127 permaneant.
1957 1030 2022 1103 Ad

493 1160 600 1231 quem
625 1132 779 1224 ἔμφυτον
804 1132 915 1221 λόγον
940 1127 1050 1200 etiam
1076 1126 1114 1199 id
1140 1126 1269 1201 referri
1294 1124 1456 1221 videtur,
1495 1127 1592 1225 quod
1615 1128 1662 1202 ab
1686 1130 1926 1231 Athenagora
1952 1131 2018 1205 do-

493 1252 609 1328 cetur,
636 1243 762 1333 po'e‘tas
787 1244 822 1305 et
845 1229 1105 1329 philosophos,
1134 1255 1246 1327 quum
1281 1228 1371 1302 alias
1403 1254 1461 1302 res
1495 1230 1697 1331 attigerint,
1725 1247 1802 1306 tum
1836 1232 1945 1307 etiam
1972 1233 2017 1308 de

492 1337 643 1410 numine
669 1333 793 1406 divino
820 1331 1071 1429 quaestionem
1097 1356 1293 1431 aggressos
1329 1355 1408 1402 esse
1434 1357 1500 1428 pro
1528 1333 1747 1433 cognatione
1771 1334 1887 1409 divini
1910 1334 2017 1408 flatus

493 1467 515 1512 a
543 1464 608 1511 sua
642 1460 821 1534 quemque
854 1433 977 1505 anima
1009 1432 1186 1532 impulsos
1217 1445 1258 1505 ut
1282 1445 1480 1527 tentarent,
1510 1459 1600 1507 num
1630 1436 1817 1511 veritatem
1852 1436 2018 1511 invenire

492 1555 527 1616 et
551 1538 755 1637 intelligere
779 1549 929 1636 possent
951 1538 999 1631 ¹),
1026 1534 1077 1608 ita
1103 1534 1262 1632 quidem,
1287 1547 1328 1605 ut
1351 1534 1458 1632 plene
1483 1536 1712 1635 perfecteque
1736 1538 1924 1613 veritatem
1941 1565 2016 1614 non

492 1652 763 1742 cognoscerent.
815 1637 911 1710 Nam
936 1636 1107 1711 homines
1132 1662 1208 1709 non
1231 1635 1431 1709 secundum
1457 1635 1583 1738 logum
1608 1638 1796 1736 vivebant,
1823 1667 1943 1738 neque
1969 1641 2017 1714 ad

493 1744 634 1817 coelum
659 1741 807 1838 eiusque
834 1752 1034 1813 creatorem
1068 1765 1146 1812 sese
1175 1736 1385 1833 elevabant,
1420 1739 1484 1813 sed
1515 1739 1677 1814 humana
1704 1742 1936 1841 spectabant,
1965 1743 2016 1816 ita

492 1859 531 1918 ut
556 1844 752 1918 daemones
778 1840 808 1914 si
835 1840 982 1940 quando
1009 1840 1157 1915 mollem
1184 1839 1374 1914 inveniant
1399 1840 1571 1938 animam,
1595 1843 1667 1917 levi
1682 1844 1918 1918 incitamento
1943 1845 2016 1917 huc

492 1946 578 2021 illuc
604 1942 885 2045 impellendam,
911 1968 1032 2041 neque
1056 1942 1126 2016 Dei
1149 1968 1344 2040 rerumque
1371 1940 1578 2016 divinarum
1602 1945 1813 2045 cognitione
1848 1946 1935 2019 satis
1957 1947 2014 2019 in-

493 2061 683 2141 structam,
708 2047 748 2120 in
773 2045 871 2118 hanc
896 2045 1054 2139 irruant,
1091 2070 1244 2142 eamque
1278 2045 1352 2117 iam
1388 2071 1454 2143 per
1491 2046 1671 2145 seipsam
1698 2047 1881 2121 turbatam
1909 2048 2013 2123 vanis

492 2162 701 2244 φαντασίαις
726 2147 846 2247 magis
880 2146 989 2220 etiam
1023 2145 1170 2241 fallant,
1202 2161 1237 2221 et
1273 2146 1326 2219 sic
1360 2146 1407 2219 ad
1442 2148 1568 2220 omnia
1601 2163 1751 2248 peccata
1788 2174 1911 2223 secum
1938 2166 2012 2224 tra-

492 2254 582 2326 hant
598 2255 637 2348 2).
692 2249 794 2339 Quae
822 2248 970 2345 quidem
995 2262 1145 2348 peccata
1170 2247 1360 2346 nequead
1385 2274 1500 2321 unum
1529 2275 1671 2350 corpus,
1700 2278 1818 2350 neque
1837 2251 2013 2326 adunam

491 2355 671 2449 animam,
707 2351 771 2425 sed
800 2349 847 2423 ad
876 2363 992 2424 toturn
1026 2350 1208 2449 pertinent
1239 2350 1438 2424 hominem.
1503 2349 1626 2440 Quare
1659 2353 1834 2427 iniustum
1868 2380 2014 2453 quoque

492 2470 601 2551 esset,
626 2456 741 2528 solam
768 2453 930 2525 animam
956 2452 1183 2527 remunerari
1208 2465 1271 2525 aut
1295 2451 1437 2551 puniri,
1471 2478 1582 2550 quum
1617 2455 1726 2528 etiarn
1760 2479 1892 2554 corpus
1919 2455 2013 2531 bene

492 2573 527 2632 et
552 2558 647 2631 male
672 2558 850 2631 factorum
885 2553 1066 2654 particeps
1098 2553 1224 2648 fuerit,
1257 2553 1372 2626 immo
1405 2553 1518 2627 virtus
1552 2569 1587 2629 et
1616 2556 1744 2629 vitium
1778 2582 1825 2630 ne
1858 2557 2013 2658 cogitari

493 2659 641 2758 quidem
662 2639 804 2759 postiut
828 2656 867 2728 in
895 2655 973 2730 sola
998 2654 1133 2751 anima,
1155 2681 1274 2753 neque
1300 2655 1400 2755 leges
1424 2655 1492 2728 soli
1518 2657 1664 2733 animae
1689 2658 1752 2733 sed
1778 2658 1844 2732 toti
1869 2660 2013 2733 homini

491 2762 639 2835 innatae
667 2761 740 2834 sint
760 2760 798 2855 ὅ).
1076 2755 1084 2788 l

604 2863 648 2936 In
685 2861 818 2960 quibus
848 2859 1037 2956 hucusque
1072 2858 1367 2933 commemoratis
1398 2860 1585 2935 sententiis
1619 2861 1895 2962 Athenagoram
1928 2889 2013 2962 pro-

494 2965 629 3041 fectum
654 2990 732 3039 esse
755 2962 802 3037 ab
829 2961 1024 3060 opinione,
1053 2960 1241 3034 hominem
1270 2962 1420 3034 nonnisi
1443 2988 1488 3037 ex
1522 2964 1646 3037 anima
1678 2977 1713 3039 et
1748 2989 1900 3063 corpore
1927 2990 2014 3038 con-

495 3081 648 3141 stantem
676 3093 755 3141 esse
776 3065 994 3164 perfectum,
1022 3089 1142 3160 neque
1162 3087 1276 3134 unum
1304 3066 1533 3161 eundemque
1559 3092 1638 3140 esse
1663 3067 1788 3139 anima
1813 3092 1837 3138 a
1862 3090 2014 3166 corpore
2050 3131 2053 3147 .

493 3183 676 3269 separata,
704 3167 811 3240 facile
836 3164 1062 3264 intelligitur.
1126 3164 1252 3262 ltaque
1288 3164 1319 3236 si
1352 3166 1499 3264 quidem
1527 3194 1628 3241 mors
1665 3167 1711 3241 sit
1746 3167 1909 3242 decessio
1933 3168 2012 3241 ani-

495 3297 576 3345 mae
602 3297 623 3345 e
649 3268 812 3369 corporis
838 3265 1015 3341 membris
1042 3266 1117 3340 sive
1140 3265 1336 3339 discidium
1368 3268 1483 3341 animi
1513 3285 1549 3343 et
1580 3268 1744 3369 corporis
1766 3274 1819 3364 4),
1852 3270 2014 3343 animam

495 3374 615 3446 statim
640 3384 724 3472 post
749 3381 921 3465 mortem,
962 3368 1050 3442 dum
1074 3395 1097 3441 a
1120 3391 1273 3466 corpore
1300 3369 1512 3469 seiungitur,
1547 3396 1623 3444 non
1656 3397 1781 3447 veram
1807 3384 1842 3445 et
1866 3371 2013 3471 plenam

492 3474 624 3569 vitam,
651 3472 715 3547 sed
740 3471 890 3545 nonnisi
915 3471 1072 3570 speciem
1096 3469 1295 3567 quamdam
1321 3470 1455 3572 degere
1479 3472 1582 3569 vitae,
1609 3472 1758 3548 tandem
1784 3499 1869 3547 vero
1892 3472 2013 3548 denuo

493 3575 722 3650 coniunctam
762 3599 846 3647 cum
890 3597 1043 3673 corpore
1085 3571 1313 3667 resuscitate,
1350 3573 1399 3647 ad
1428 3573 1575 3674 plenam
1610 3575 1722 3649 vitam
1757 3588 2014 3676 perventuram

492 3705 587 3774 esse,
615 3674 833 3750 concludere
850 3701 1055 3774 possumus.
1107 3671 1190 3763 Qua
1209 3699 1307 3747 nova
1323 3676 1469 3751 animae
1485 3702 1567 3750 cum
1587 3702 1741 3777 corpore
1755 3675 2014 3752 coniunctione

491 3781 668 3880 perfecta,
696 3779 808 3853 homo
835 3775 1077 3877 corruptionis
1109 3802 1238 3876 expers
1274 3775 1501 3852 domicilium
1540 3792 1727 3854 assecutus
1762 3791 1833 3872 est,
1871 3779 2011 3852 exim·

493 3881 691 3956 mutatione
716 3878 1039 3977 incorruptionem.
1748 3965 1750 3969 .

605 3982 709 4058 Haec
734 3981 811 4057 fere
837 3993 936 4075 sunt,
973 4006 1066 4078 quae
1087 3980 1184 4079 apud
1211 3981 1488 4082 Athenagoram
1516 3982 1562 4057 dc
1590 3981 1751 4055 hominis
1777 3995 1909 4055 namra
1933 3982 2012 4081 pla·

493 4084 564 4159 cita
594 4084 838 4160 inveniuntur.
904 4081 1047 4172 Quibus
1088 4082 1260 4182 expositis
1295 4083 1370 4157 iam
1405 4084 1436 4157 si
1470 4083 1696 4184 quaerimus,
1738 4107 1819 4156 cum
1852 4109 2011 4180 quanam

492 4186 747 4287 philosophiae
781 4184 938 4259 formula
969 4184 1104 4283 optime
1140 4182 1338 4283 quadrent,
1376 4200 1412 4261 et
1441 4186 1585 4260 cuinam
1613 4213 1635 4259 a
1660 4185 1740 4259 viro
1767 4183 2011 4259 eruditissimo

492 4286 767 4363 accommodata
793 4287 882 4381 sint,
909 4286 1101 4360 Platonem
1127 4313 1209 4361 eum
1233 4314 1309 4360 non
1336 4301 1497 4362 secutum
1523 4315 1621 4384 esse,
1655 4301 1740 4362 ante
1766 4286 1890 4361 oculos
1913 4288 2013 4387 posi-

602 4574 630 4656 1)
655 4576 760 4655 Suppl.
784 4577 852 4634 αἵ
887 4595 918 4654 p.
943 4576 1001 4635 36:
1034 4573 1155 4653 ποιηταὶ
1192 4572 1241 4635 καὶ
1272 4575 1436 4652 φιλόσοφοι
1468 4570 1509 4642 ὡς
1539 4569 1590 4634 καὶ
1618 4580 1682 4642 τοῖς
1710 4569 1832 4644 ἄλλοις,
1867 4570 2012 4654 ἐπέβαλον

492 4664 712 4743 στοχαστικῶς,
736 4661 907 4739 κινηθέντες
929 4658 982 4736 μὲν
1005 4658 1082 4720 κατὰ
1105 4660 1297 4739 συμπάθειαν
1319 4663 1371 4739 τῆς
1392 4658 1476 4739 παρὰ
1499 4662 1552 4721 τοῦ
1575 4662 1650 4721 θεοῦ
1673 4662 1766 4738 πνοῆς
1796 4654 1853 4720 ὑπὸ
1885 4661 1936 4738 τῆς
1958 4660 2011 4722 αὐ-

493 4748 547 4818 τὸς
569 4746 663 4810 αὐτοῦ
686 4749 785 4826 ψυχῆς
807 4744 934 4815 ἕκαστος
956 4746 1091 4825 ζητῆσαι,
1121 4747 1148 4810 εἰ
1169 4744 1296 4817 δυνατὸς
1325 4744 1419 4824 εὑρεῖν
1442 4743 1492 4809 καὶ
1516 4749 1619 4825 νοῆσαι
1643 4748 1694 4826 τὴν
1718 4744 1874 4823 ἀλήθειαν.

600 4838 630 4913 2)
654 4835 692 4894 cf.
717 4834 847 4896 Clarisse
869 4835 888 4897 l.
911 4836 931 4894 l.
953 4855 983 4914 p.
1009 4838 1080 4895 110.

600 4924 628 5001 3)
650 4922 698 4982 De
721 4932 876 4982 resurrect.
898 4942 922 4981 c.
947 4925 1002 4993 213
1027 4923 1085 4995 223
1108 4922 1158 4981 23.

598 5008 627 5090 4)
648 5009 667 5067 l.
690 5009 709 5067 l.
732 5028 757 5068 c.
782 5011 832 5067 16.
