5034 6084
1245 610 1291 681 16

606 814 655 887 At
680 811 712 886 si
746 825 869 911 patres
895 823 1057 886 veterum
1086 810 1391 910 philosophorum
1427 810 1571 912 scriptis
1596 824 1632 887 et
1664 811 1843 887 doctrinis
1864 811 2027 888 eruditos

491 916 603 1006 luisse
636 941 704 1015 pro
736 928 835 988 certo
869 913 1069 1009 habemus,
1090 937 1166 991 ,cur
1195 912 1348 987 circuitu
1381 912 1505 1012 utique
1535 913 1594 987 usi
1627 913 1700 989 sibi
1734 942 1778 990 ea
1808 915 2027 991 assumsisse

492 1019 683 1113 dicuntur,
719 1042 813 1114 quae
838 1030 937 1089 recta
961 1015 1083 1115 potius
1109 1014 1185 1089 iam
1219 1014 1340 1089 viaet
1365 1014 1533 1089 doctrina
1566 1016 1698 1092 eruditi
1724 1032 1760 1093 et
1792 1017 1895 1093 lectis
1920 1017 2028 1090 libris

327 1183 338 1198 i
414 1202 417 1207 ,
493 1148 559 1195 sua
591 1121 771 1213 fecerant,
808 1116 965 1217 intelligi
997 1116 1149 1191 omnino
1180 1143 1256 1190 non
1289 1132 1419 1216 potest
1480 1116 1611 1207 Qualis
1644 1119 1739 1194 foret
1772 1120 1962 1214 circuitus,
1995 1118 2026 1191 si

491 1239 614 1323 patres
641 1248 685 1295 ex
717 1219 952 1320 philosophia
976 1245 1195 1319 graecorum
1220 1218 1386 1294 hausisse
1412 1234 1626 1320 negaretur,
1659 1248 1842 1320 unamque
1867 1222 2028 1296 Alexan-

494 1325 684 1398 drinorum
709 1321 914 1395 doctrinam
940 1349 1068 1396 eorum
1091 1321 1231 1395 fontem
1256 1320 1369 1395 fuisse
1388 1321 1702 1396 contenderetun·
1729 1324 1784 1399 Re
1806 1350 1893 1398 vera
1913 1321 2029 1397 Keilii

495 1425 673 1501 sententia
707 1423 849 1498 sublata
879 1439 950 1518 est,
982 1423 1204 1523 plurimique
1239 1422 1404 1497 virorum
1439 1422 1630 1498 doctorum
1660 1424 1774 1500 hodie
1806 1452 1883 1499 non
1912 1425 2029 1499 olien-

496 1529 642 1623 duntui,
669 1542 801 1626 patrea,
829 1552 902 1623 quo
924 1524 1012 1599 fidei
1034 1551 1215 1598 summam
1241 1538 1319 1599 arte
1340 1524 1600 1600 concluderent
1625 1552 1778 1625 eamque
1804 1528 1844 1601 in
1869 1544 2031 1626 systema

495 1630 714 1731 redigerent,
741 1627 925 1703 veteribus
951 1624 1218 1727 philosophicis
1241 1652 1329 1701 usos
1354 1653 1434 1702 esse
1460 1627 1656 1702 doctrinis:
1677 1656 1797 1729 neque
1821 1630 1852 1703 si
1879 1628 2029 1727 quando

494 1733 681 1808 literarum
703 1744 825 1803 motus
848 1729 888 1803 in
910 1728 1064 1804 ecclesia
1086 1717 1234 1823 fiebant,
1259 1728 1367 1805 aliter
1391 1730 1471 1805 fieri
1492 1756 1569 1804 non
1594 1732 1775 1830 potuisse,
1808 1732 1880 1806 nisi
1907 1731 2030 1831 philo·

497 1833 648 1937 sophiae
674 1832 854 1907 memoria
879 1830 1051 1930 repetita,
1087 1830 1276 1904 omittitur.

597 1935 657 2009 Ad
685 1961 795 2033 quam
822 1933 868 2007 de
893 1931 1121 2009 Platonismo
1147 1932 1300 2006 Patrum
1326 1933 1577 2031 quaestionem
1601 1934 1866 2010 enucleandam
1892 1962 2031 2035 magna

498 2053 582 2114 sunt
605 2036 737 2112 merita
762 2061 889 2110 eorum
915 2035 1088 2130 virorum,
1113 2033 1176 2132 qui
1195 2036 1402 2109 accuratius
1423 2035 1627 2135 disquirere
1653 2037 1725 2111 sibi
1750 2053 2030 2138 proposuerunt,

499 2167 681 2240 quaenam
707 2135 875 2212 Platonis
900 2135 1117 2236 disciplinae
1143 2161 1228 2209 cum
1254 2136 1537 2212 Christianismo
1564 2139 1637 2213 sint
1662 2140 1888 2234 communia,
1914 2139 2030 2214 unde·

499 2271 570 2342 que
597 2243 734 2316 factum
761 2239 825 2332 sit,
864 2252 905 2312 ut
934 2239 1102 2312 voluntas
1136 2253 1171 2315 et
1199 2239 1360 2313 studium
1395 2239 1629 2315 Christianos
1661 2240 1768 2316 toties
1800 2241 1840 2315 in
1867 2241 2031 2315 Platoni-

499 2344 564 2421 cae
599 2340 854 2444 philosophiae
895 2340 1015 2413 sinum
1050 2341 1281 2440 compulerit,
1317 2368 1390 2439 quo
1420 2342 1625 2417 accuratius
1657 2342 1767 2417 etiam
1801 2344 1920 2418 lineae
1946 2342 2033 2416 duci

499 2448 660 2548 possint,
710 2469 803 2542 quae
839 2442 1152 2516 christianismum
1184 2469 1207 2516 a
1233 2442 1399 2517 Platonis
1433 2444 1668 2543 philosophia
1702 2460 1883 2544 separant.
1948 2445 2034 2519 Huc

497 2549 682 2651 pertinent
702 2558 845 2646 praeter
865 2544 904 2617 id
931 2544 1031 2643 quod
1057 2544 1250 2620 occasione
1277 2544 1400 2620 oblata
1427 2572 1450 2618 a
1474 2545 1565 2620 viris
1588 2544 1707 2620 doctis
1732 2548 1878 2647 saepius
1902 2574 2032 2621 mone-

500 2668 560 2725 tur
587 2647 791 2725 Staeudlini
820 2637 1027 2721 dissertatio
1052 2645 1099 2721 de
1128 2646 1384 2746 philosophiae
1411 2647 1618 2748 platonicae
1643 2672 1727 2722 cunr
1754 2649 1922 2723 doctrina
1948 2649 2033 2724 reli-

526 2752 622 2827 ionis
655 2750 835 2825 revelatae
868 2762 905 2824 et
938 2747 1104 2823 iudaicae
1146 2762 1181 2823 et
1216 2748 1439 2824 christianae
1479 2750 1699 2850 cognatione
1734 2750 1868 2851 (Goett.
1907 2752 2031 2850 1819),

499 2782 733 2930 Protefendii
753 2849 1022 2926 Commentatio
1048 2851 1087 2923 in
1115 2877 1188 2948 qua
1213 2850 1381 2925 doctrina
1396 2852 1564 2925 Platonis
1589 2852 1708 2927 ethica
1731 2831 1813 2927 cuin
1832 2854 2033 2928 christiana

500 2969 734 3056 comparatur
761 2954 895 3056 (Goett.
915 2952 1040 3052 1820),
1075 2966 1111 3027 et
1136 2951 1411 3051 disquisitiones
1436 2954 1842 3055 Baumgaiten·Orusii,
1877 2984 2032 3055 quarum

502 3085 646 3135 sumnia
672 3056 711 3130 in
739 3058 818 3131 eius
843 3056 1058 3157 dogmatum
1084 3054 1238 3128 historia
1263 3054 1447 3129 invenitur
1473 3059 1522 3157 (p.
1546 3061 1615 3130 165
1639 3058 1746 3156 sqq).
1799 3056 2035 3133 Staeudlinus

501 3187 679 3263 magnam
704 3174 740 3234 et
773 3158 997 3259 singularem
1027 3155 1123 3230 inter
1145 3156 1420 3257 philosophiam
1446 3157 1614 3232 Platonis
1647 3158 1927 3258 doctrinamque
1948 3161 2034 3235 reli-

503 3264 626 3367 gionis
656 3261 831 3336 biblicam
859 3258 1136 3333 similitudinem
1162 3272 1198 3333 et
1224 3260 1502 3359 cognationem,
1537 3286 1648 3358 quam
1673 3260 1771 3335 inter
1793 3288 1856 3337 eas
1876 3263 2035 3338 interce-

502 3368 589 3441 dere
615 3392 690 3439 una
711 3364 788 3439 fere
813 3388 942 3436 onmes
969 3360 1101 3434 harum
1126 3386 1250 3434 rerum
1272 3361 1382 3460 gnari
1407 3360 1626 3457 iudicarunt,
1650 3361 1832 3438 illustrare
1850 3364 1922 3437 sibi
1947 3392 2034 3465 pro·
2116 3360 2129 3381 ²

502 3467 641 3570 posuit,
668 3466 932 3563 Platonemque
958 3463 990 3537 si
1012 3461 1200 3535 Christum
1223 3463 1401 3560 novisset,
1428 3464 1590 3564 palmam
1613 3464 1686 3563 ipsi
1712 3490 1899 3540 cessurum
1923 3483 1959 3542 et
1986 3467 2035 3541 ad

502 3570 615 3674 pedes
648 3568 763 3668 ipsius
797 3594 835 3641 se
859 3578 1125 3666 prostraturum
1151 3563 1266 3639 fuisse
1294 3591 1362 3664 pro
1390 3580 1489 3640 certo
1515 3566 1639 3641 habet
1698 3566 1959 3644 Grotefendius
1986 3570 2036 3644 si-

504 3671 748 3748 militudinem
782 3683 817 3743 et
846 3667 1115 3743 dissensionem
1140 3666 1361 3753 christianae
1397 3667 1589 3768 religionis
1621 3681 1656 3742 et
1680 3668 1892 3746 Platonicae
1914 3672 2037 3773 philo·

506 3774 658 3875 sophiae
684 3769 824 3846 cautius
849 3770 1043 3871 magisque
1069 3768 1330 3869 circumspecte
1356 3770 1533 3870 exposuit.

619 3875 754 3949 Fusius
784 3887 820 3948 et
854 3871 1005 3947 uberius
1040 3870 1086 3945 de
1110 3871 1182 3944 hac
1216 3871 1428 3970 quaestione
1461 3870 1660 3973 disputavit
1681 3873 1966 3949 Achermannus
1998 3877 2036 3949 in

505 3979 601 4053 libro
636 3976 891 4071 celeberrimo,
926 4001 1002 4047 non
1034 3973 1114 4047 sine
1139 4000 1277 4073 magno
1312 3973 1427 4048 animi
1459 3974 1603 4050 fervore
1659 3976 1858 4074 ulchraque
1887 3977 2040 4052 scientia

508 4079 733 4179 conscripto:
767 4079 874 4171 „Das
899 4075 1121 4150 (lhristliche
1153 4074 1204 4148 im
1230 4075 1336 4149 Plato
1360 4075 1438 4150 und
1463 4076 1503 4149 in
1533 4077 1599 4153 der
1623 4004 1885 4154 Platonischen
1910 4080 2038 4155 Philo·

508 4181 636 4282 sophie
646 4185 678 4253 “.
739 4179 787 4253 Et
812 4206 889 4253 rem
918 4178 1157 4252 christianam
1191 4192 1227 4252 et
1251 4177 1521 4252 Platonismum
1552 4179 1704 4254 salutem
1741 4180 1817 4256 sive
1842 4180 2038 4257 redemuo·

506 4311 593 4360 nem
614 4281 916 4357 vitaehumanae
943 4278 1106 4380 spectare
1132 4278 1231 4375 dicit,
1255 4277 1367 4378 idque
1387 4280 1485 4379 quod
1512 4281 1611 4381 apud
1629 4280 1821 4357 Platonem
1844 4299 1879 4358 et
1904 4283 1944 4356 in
1961 4283 2042 4359 eius

436 4450 439 4455 .
507 4384 742 4488 philosophia
768 4383 1009 4458 christianum
1042 4381 1153 4456 sitin
1178 4381 1329 4457 notione
1360 4382 1549 4482 spectandi
1567 4383 1720 4458 salutem
1744 4384 1914 4459 inveniri.
1966 4386 2040 4459 lta·

509 4515 580 4588 que
605 4489 677 4562 hoc
703 4499 929 4561 momentum
962 4481 1218 4584 teleologicum
1243 4482 1472 4559 Platonismo
1504 4500 1540 4560 et
1564 4485 1834 4561 christianismo
1866 4513 1956 4587 prae
1981 4512 2042 4562 ce·

509 4590 596 4666 teris
629 4588 819 4689 proprium
850 4613 930 4662 esse
964 4585 1079 4662 docet.
1144 4585 1353 4661 Discrimen
1381 4613 1468 4662 vero
1501 4586 1600 4687 quod
1633 4588 1729 4663 inter
1758 4603 1951 4687 utrumque
1983 4588 2041 4663 in-

509 4692 630 4786 tersit,
662 4692 713 4765 ita
747 4691 978 4791 explanatur:
1012 4687 1119 4762 Plato
1154 4686 1202 4761 ad
1231 4688 1384 4763 salutem
1404 4688 1513 4800 ‚vitae
1545 4688 1695 4767 tendere
1730 4688 1877 4788 quidem
1914 4691 2043 4792 potuit,

511 4792 576 4869 sed
599 4822 680 4869 eam
704 4794 845 4868 efficere
867 4819 943 4865 non
968 4791 1103 4891 potuit,
1132 4789 1183 4863 ita
1208 4804 1248 4863 ut
1272 4790 1564 4866 christianismus
1598 4792 1647 4866 ad
1672 4791 1933 4892 platonismum
1956 4820 2042 4868 ean-

511 4896 595 4971 dem
621 4896 758 4970 habeat
785 4894 964 4969 rationem
991 4919 1102 4992 quam
1128 4891 1219 4967 velle
1258 4891 1307 4966 ad
1331 4919 1458 4992 posse,
1498 4922 1608 4993 quam
1634 4892 1719 4967 idea
1741 4894 1789 4968 ad
1811 4922 1889 4969 rem
1910 4896 2042 4971 verita·

510 5014 665 5097 temque,
693 5024 804 5097 quam
830 4996 998 5071 doctrina
1024 4995 1072 5069 ad
1096 4994 1219 5069 vitam.
1273 4992 1375 5084 Quas
1402 4996 1551 5094 quidem
1567 4996 1819 5072 Aclrermanni
1845 4998 2046 5074 sententias
