5034 6084
1232 653 1280 723 28

487 860 596 958 dique
623 857 693 933 Dei
722 857 852 931 insitus
885 856 954 929 fuit
987 861 1062 950 (τὸν
1088 854 1171 927 ὄντα
1205 853 1398 935 διαπαντός
1432 854 1641 928 ἐνδιάθετον
1671 854 1710 927 ἐν
1742 857 1876 951 καρδίᾳ
1905 855 2023 953 θεοῦ).

489 962 695 1061 Antequam
722 958 821 1034 enim
847 957 1047 1057 quidquam
1071 958 1189 1051 fieret,
1227 982 1271 1029 eo
1297 956 1465 1031 utebatur
1491 958 1597 1056 quasi
1623 956 1854 1053 consiliari0,
1890 957 2027 1057 quippe

489 1091 601 1162 quum
635 1064 712 1137 eius
744 1087 849 1135 mens
879 1076 914 1135 et
944 1058 1139 1160 prudentia
1171 1057 1235 1154 sit3
1273 1058 1331 1131 sin
1365 1085 1452 1133 vero
1480 1085 1524 1133 ea
1558 1085 1652 1158 quae
1679 1074 1872 1154 statuerat,
1906 1060 2028 1134 facere

488 1166 602 1239 voluit
636 1165 755 1257 Deus,
797 1163 896 1235 hunc
936 1162 1064 1263 logum
1102 1159 1251 1335 permit,
1295 1160 1538 1259 prolatitium,
1584 1161 1871 1262 primogenitum
1907 1162 2029 1236 omnis

489 1282 675 1342 creaturae
710 1271 846 1358 (τοῦτον
869 1270 929 1337 τὸν
955 1269 1069 1359 λόγον
1119 1275 1266 1358 γίννησε
1298 1269 1523 1359 προφοριιιόν
1551 1270 1778 1364 πρωτότοκον
1812 1271 1928 1358 πάσης
1952 1276 2027 1336 κτί-

489 1395 580 1451 σεως
595 1370 653 1469 1)).
714 1367 857 1458 Quibus
883 1394 930 1441 ne
955 1382 1097 1468 patrem
1131 1364 1366 1439 imminutum
1392 1393 1472 1441 esse
1498 1365 1605 1461 dicat,
1630 1365 1749 1440 addit:
1786 1365 1828 1440 οό
1850 1369 2026 1448 κενωθεὶς

489 1470 592 1553 αὐτός
625 1478 685 1545 τοῦ
718 1476 841 1563 λόγου,
878 1468 974 1542 ἀλλὰ
1010 1473 1124 1563 λόγον
1158 1473 1341 1562 γεννήσας,
1372 1478 1433 1541 καὶ
1465 1474 1516 1566 τῷ
1555 1473 1656 1567 λόγῳ
1691 1464 1798 1543 οιῦτοῦ
1836 1473 2028 1551 διαπαντὸς

489 1574 640 1667 ὁμιλοῦν.
701 1574 807 1647 Illam
847 1600 934 1647 vero
968 1572 1064 1647 inter
1098 1575 1159 1642 τὸν
1191 1574 1304 1663 λόγον
1335 1571 1545 1644 ἐνδιάθετον
1587 1587 1622 1647 et
1657 1578 1769 1667 λόγον
1804 1579 2029 1673 προφορικόν

489 1676 745 1752 discretionem
778 1674 1010 1774 desumptam
1045 1698 1124 1748 esse
1160 1698 1205 1746 ex
1239 1671 1408 1747 Philonis
1441 1673 1703 1750 consuetudine
1737 1675 1914 1774 loquendi
1928 1676 1960 1775 2)
1996 1688 2031 1750 et

490 1806 583 1878 quae
616 1777 715 1880 apud
740 1777 937 1851 Philonem
964 1775 1010 1850 de
1045 1774 1209 1848 humana
1243 1774 1466 1874 cogitatione
1499 1790 1535 1851 et
1561 1803 1729 1852 sermone
1760 1777 1833 1851 dici
1860 1778 2028 1871 solerent,

489 1908 512 1955 a
538 1880 746 1980 Theophilo
780 1879 957 1953 translata
993 1887 1073 1952 esse
1099 1876 1147 1949 ad
1170 1874 1323 1950 verbrun
1349 1877 1419 1952 Dei
1455 1876 1712 1978 duplicemque
1746 1880 1824 1981 logi
1850 1879 2030 1954 exsisten-

489 1983 595 2078 tiam,
631 1983 713 2082 quis
740 1993 794 2056 est
820 1980 908 2079 quin
932 1979 1078 2053 videat?
1117 1976 1220 2068 Quae
1243 1978 1414 2053 discretio
1441 1980 1569 2055 eadem
1596 1995 1668 2077 est,
1706 1982 1765 2054 cui
1797 1982 1907 2055 etiarn
1932 1980 2031 2081 apud

489 2084 668 2159 lustinum
702 2081 945 2175 occurrimus,
988 2081 1054 2154 ubi
1087 2080 1195 2171 dicit,
1224 2081 1338 2180 logon
1370 2107 1552 2155 unacum
1578 2082 1659 2166 Deo
1693 2083 1806 2157 fuisse
1833 2091 1957 2177 (συν”ν
1980 2090 2030 2181 τῴ

491 2196 611 2284 πατρί)
635 2202 822 2284 tamquam
857 2183 935 2259 eins
961 2210 1084 2279 mens,
1118 2194 1202 2257 ante
1232 2181 1412 2257 mundum
1446 2199 1607 2259 creatum
1633 2184 1799 2286 genitum
1833 2112 1954 2261 anteit
1985 2213 2030 2261 cx

489 2291 605 2391 patris
631 2288 815 2362 voluntate
836 2312 925 2361 esse.
1685 2351 1693 2371 ,

592 2390 849 2489 Athenagoras
875 2387 943 2463 etsi
968 2412 1046 2460 non
1070 2400 1147 2460 tam
1174 2402 1297 2486 aperte
1319 2413 1430 2486 quam
1457 2388 1519 2462 alii
1546 2390 1763 2491 apologetae
1787 2389 2032 2465 emanationis

491 2494 670 2568 rationem
694 2490 742 2564 ad
768 2489 1006 2565 excolendam
1037 2487 1245 2563 doctrinam
1269 2488 1487 2586 adhibebat,
1524 2518 1599 2565 non
1625 2508 1749 2567 tamen
1772 2519 1924 2593 prorsus
1951 2491 2032 2566 silet
2132 2556 2134 2559 .

491 2596 537 2670 de
563 2621 617 2669 ea.
670 2592 744 2683 Qui
771 2619 882 2692 quum
908 2591 1047 2686 doceat,
1080 2590 1197 2663 lilium
1225 2618 1305 2666 esse
1330 2591 1488 2691 primam
1514 2593 1628 2693 patris
1654 2595 1882 2694 progeniem,
1909 2593 2031 2667 statim

491 2697 604 2791 addit,
630 2721 714 2769 eum
740 2722 816 2768 non
842 2694 979 2768 factum
1004 2719 1094 2786 esse,
1129 2719 1217 2765 narn
1243 2693 1364 2767 Deum
1391 2693 1453 2793 qui
1480 2695 1526 2768 sit
1551 2708 1701 2771 aeterna
1726 2724 1832 2772 mens
1858 2696 2032 2769 habuisse

491 2800 611 2900 ipsum
635 2798 730 2871 inse
756 2797 837 2896 ipso
863 2796 979 2895 logon
995 2807 1119 2894 utpote
1138 2821 1183 2868 ex
1209 2809 1358 2870 aeterno
1384 2809 1548 2898 tempore
1574 2802 1730 2894 λογικός,
1759 2798 1824 2873 sed
1849 2798 2032 2898 prodiisse

491 2928 594 2997 eum,
631 2916 671 2973 ut
695 2900 860 2973 omnium
885 2895 1127 2973 materialium
1154 2923 1296 2994 rerum,
1332 2925 1426 2997 quae
1452 2899 1622 2975 informis
1655 2917 1806 2975 naturae
1841 2916 2031 2996 terraeque

492 3002 617 3078 inertis
649 3001 765 3075 instar
797 3000 985 3095 iacebant,
1024 2998 1108 3072 idea
1144 3014 1178 3073 et
1207 3000 1269 3073 vix
1303 3001 1430 3074 efficax
1462 3020 1557 3077 esset
1588 3005 1754 3103 partibus
1789 3001 2032 3076 crassioribus

493 3103 698 3179 commixtis
730 3128 813 3177 cnm
856 3101 1054 3177 levioribus
1066 3100 1109 3199 ὅ).
1153 3100 1298 3199 ltaque
1334 3103 1430 3176 filius
1467 3103 1537 3178 Dei
1600 3106 1689 3187 atris
1721 3122 1777 3179 est
1809 3105 1915 3204 logos
1946 3103 2033 3202 quia

492 3207 617 3282 omnia
641 3207 729 3305 logo
753 3205 1021 3297 convenienter,
1049 3201 1126 3277 sive
1148 3201 1196 3277 ad
1223 3204 1409 3303 exemplar
1431 3204 1470 3278 in
1497 3232 1540 3280 eo
1564 3133 1683 3281 deseri
1709 3220 1788 3280 tum
1813 3206 1911 3279 facta
1937 3221 2030 3300 sunt,

493 3311 585 3383 sicut
610 3309 735 3382 omnia
760 3334 826 3407 per
852 3334 946 3381 eum.
999 3303 1144 3394 Quibus
1170 3305 1344 3403 expositis
1370 3305 1483 3406 logon
1505 3334 1580 3381 non
1607 3235 1708 3405 quod
1732 3307 1893 3381 mundus
1918 3308 2031 3399 fieret,

493 3438 537 3485 ex
562 3423 665 3511 patre
698 3408 880 3509 prodiisse
908 3419 1059 3508 apparet
1071 3406 1120 3505 4),
1157 3406 1222 3480 sed
1248 3423 1288 3479 ut
1317 3408 1507 3506 perillum
1542 3408 1626 3485 idea
1658 3409 1805 3506 mundi,
1843 3408 1962 3507 qualis
1992 3408 2030 3480 in

494 3513 571 3588 Deo
598 3525 692 3608 erat,
719 3511 768 3585 ad
794 3512 961 3585 effectum
986 3508 1237 3584 adduceretur.

603 3734 633 3810 1)
658 3732 706 3792 Ad
730 3729 831 3789 Autol.
854 3728 902 3801 11,
925 3749 949 3788 c.
975 3732 1014 3788 2⁶2
1039 3751 1067 3808 p.
1091 3730 1230 3792 365130.

601 3822 633 3895 2)
657 3819 694 3878 cf.
715 3819 813 3877 Ritter
841 3824 871 3874 ct
892 3815 1009 3882 Praller
1036 3817 1056 3876 l.
1078 3818 1098 3876 l.
1121 3838 1149 3896 p.
1173 3820 1244 3878 566.
1300 3820 1359 3878 vit.
1383 3822 1458 3879 Mos.
1483 3818 1546 3886 ΙΙΙ,
1580 3822 1619 3878 13
1642 3840 1671 3897 p.
1697 3821 1774 3879 154:
1807 3819 1899 3895 ἀιιιῦς
1927 3821 1985 3899 γὰρ
2013 3821 2029 3882 ὁ

493 3906 581 3985 λόγος
603 3907 634 3966 ἔν
655 3930 681 3968 τε
704 3907 742 3984 τῷ
765 3908 848 3971 παντί
869 3907 919 3961 καὶ
941 3899 972 3961 έν
998 3900 1164 3984 ἀνθρώπου
1186 3904 1272 3987 φύσει
1293 3939 1336 3951 -—
1360 3941 1403 3952 -
1424 3939 1467 3951 ··-
1489 3905 1520 3968 έν
1542 3904 1697 3985 ἀνθρώπῳ
1720 3904 1751 3967 δὲ
1774 3907 1862 3986 ὁμέν
1884 3905 1959 3977 ἐστιν
1980 3905 2030 3969 έν-

495 3990 651 4066 διάθετος,
685 3992 701 4052 ὁ
732 3989 764 4052 δὲ
785 3988 984 4071 προφορικός,
1016 3996 1066 4050 καί
1089 3989 1105 4052 ὁ
1131 3994 1184 4070 μὲν
1208 3989 1259 4052 οἷά
1285 4014 1325 4066 εις
1349 3994 1440 4070 πηγή,
1472 3993 1488 4054 ῦ
1512 3991 1544 4054 δὲ
1570 3993 1698 4070 γεγωνὸς
1721 3990 1777 4052 ἀπ’
1808 3993 1922 4072 ἐκείνου,
1946 3996 2030 4075 ῥέων.

493 4080 590 4156 Quam
613 4080 831 4138 distinctionem
859 4097 877 4134 a
902 4077 1009 4135 Stoicis
1027 4078 1220 4155 repetendam
1245 4099 1327 4151 ease,
1359 4082 1472 4139 monuit
1494 4082 1635 4139 Ritterus.
1686 4080 1732 4138 cf.
1756 4083 2032 4159 praeterea'Ritter

495 4164 603 4226 Gesch.
626 4164 654 4224 d.
677 4165 790 4223 Philos.
812 4163 876 4231 tv,
899 4164 961 4222 454
985 4184 1048 4243 sqq.

602 4253 634 4330 3)
653 4248 735 4310 'Ali'
757 4251 831 4310 ἔστιν
858 4249 874 4309 d
897 4248 960 4322 υἱός
982 4254 1030 4310 τοῦ
1053 4250 1127 4310 θεοῦ
1150 4248 1238 4327 λόγος
1260 4254 1308 4309 τοῦ
1338 4249 1445 4330 πατρὸς
1473 4248 1504 4310 έν
1526 4248 1589 4336 ἰδέη
1612 4254 1662 4307 καί
1692 4246 1818 4336 ένεργείμ
1840 4254 1914 4332 πρὸς
1943 4250 2028 4313 adsui
2072 4299 2075 4304 -

493 4337 550 4417 γάρ
578 4344 627 4399 καί
651 4335 689 4398 δι’
727 4334 814 4397 αῦιοῦ
836 4335 930 4396 πάντα
953 4332 1077 4413 ἐγένετο,
1108 4332 1174 4407 ἑνὸς
1213 4334 1295 4409 ὄντος
1327 4341 1374 4396 ιοῦ
1404 4338 1512 4416 πατρὸς
1534 4339 1654 4396 καὶτοῦ
1675 4336 1750 4397 υἱοῦ.
1795 4340 1898 4412 Ὄνιος
1928 4337 1959 4400 δέ
1982 4344 2029 4399 τοῦ

493 4425 557 4485 υἱοῦ
579 4422 610 4486 έν
631 4446 718 4504 πατρι
739 4429 789 4483 καὶ
809 4420 918 4500 πατρὸς
940 4418 971 4483 έν
992 4423 1046 4501 υἱῷ
1068 4420 1176 4497 ἑνότηιι
1196 4428 1247 4483 καί
1269 4420 1393 4501 δυνάμει
1415 4425 1592 4502 πνεύματος,
1620 4425 1687 4495 νοῦς
1714 4429 1764 4483 καί
1785 4426 1875 4502 λόγος
1896 4429 1946 4487 τοῦ
1968 4448 2028 4486 πα-

494 4510 559 4589 τρός
588 4510 604 4573 ό
627 4510 689 4583 υἱός
718 4512 767 4571 ιοῦ
794 4513 879 4571 θεοῦ.
932 4509 971 4568 Et
998 4508 1030 4570 δὲ
1058 4507 1103 4570 δι’
1131 4507 1293 4587 ὑπερβολὴν
1314 4515 1454 4583 συνέσεως
1480 4515 1598 4571 σκοπεῖν
1623 4508 1694 4587 ῦμῒν
1715 4511 1839 4581 ἔπεισιν,
1873 4511 1890 4573 ὁ
1913 4517 1984 4586 παῖς
2005 4521 2032 4573 εί
2072 4569 2074 4572 ,

493 4600 640 4676 βούλεται,
664 4596 722 4676 έρεῦ
746 4595 797 4658 ont
818 4601 951 4676 βραχέων
971 4599 1086 4677 πρῶτον
1106 4600 1231 4673 γέννημα
1253 4596 1327 4658 εἶναι
1356 4600 1395 4676 τῷ
1417 4605 1521 4676 πατρί,
1550 4593 1666 4677 oiseis
1687 4597 1844 4675 γενόμενον
1868 4595 1916 4676 (έξ
1940 4597 2030 4678 ἀρχῆς

494 4686 551 4765 γὰρ
573 4684 590 4746 ό
613 4685 703 4758 θεός,
733 4688 800 4757 νοῦς
821 4680 919 4756 ἀΐδιος
941 4681 999 4754 ὥν,
1029 4682 1098 4763 siper
1122 4679 1215 4756 ου’τῦς
1236 4679 1267 4742 έν
1288 4681 1380 4763 ἑαυτῷ
1403 4682 1578 4762 τὸνλόγον,
1610 4680 1715 4757 ἀϊόίως
1738 4682 1855 4759 λογικός
1878 4685 1934 4764 ὥν)
1957 4684 2030 4746 ἀλλ’

495 4770 536 4845 ιῦς
557 4776 611 4832 ιιῦν
636 4771 743 4859 ῦίρκῶν
757 4770 941 4849 ξυμπάντων,
966 4766 1074 4830 ἀποίου
1097 4767 1210 4848 φῦσεως
1233 4776 1283 4829 καί
1302 4773 1353 4847 γῆς
1375 4767 1492 4850 ἀχρείως
1514 4770 1710 4849 ὑποκειμένων
1727 4768 1816 4844 δίκην,
1840 4778 2031 4851 μεμιγμένων

494 4862 549 4920 uir
570 4863 823 4940 παχυμερεσεέρων
843 4855 916 4937 πρὸς
944 4855 977 4916 ni
1001 4856 1162 4937 κουφότερα
1184 4852 1234 4916 ἐπ’
1257 4853 1371 4930 υῦιοΐς,
1405 4855 1469 4945 ίόέρ
1490 4865 1540 4919 καὶ
1570 4856 1695 4942 ἐνεργείᾳ
1724 4857 1797 4918 εῖναι
1828 4862 1919 4937 προελ
1952 4860 2029 4921 θοῦν.

493 4947 597 5026 Suppl.
620 4965 675 5025 pro
698 4943 768 5006 Chr.
793 4944 853 5022 (ed.
877 4944 962 5019 Otto)
987 4963 1012 5002 e.
1036 4946 1076 5004 10
1098 4962 1128 5021 ρ.
1151 4943 1203 5001 46.

603 5035 635 5112 4)
659 5032 696 5091 σέ.
721 5033 838 5090 Dorner
861 5029 878 5091 l.
901 5031 920 5089 l.
943 5050 974 5108 p.
998 5032 1070 5089 441.
1115 5029 1196 5089 Baur
1218 5029 1238 5087 l.
1262 5030 1279 5088 l.
1304 5050 1334 5108 p.
1359 5032 1421 5091 170
1443 5050 1507 5110 sqq.
