5034 6084
1225 623 1275 694 53

479 835 620 910 passus,
648 809 710 907 qui
736 808 906 882 homines
931 807 1149 882 libidinibus
1175 823 1296 883 motos
1326 808 1434 883 facile
1461 811 1509 884 ad
1531 810 1778 887 idololatriam
1804 825 1840 886 et
1864 813 2012 911 quaevis

481 911 569 985 vitia
593 910 789 985 adducunt
843 908 1009 999 Quorum
1035 910 1216 985 malorum
1243 913 1460 1011 angelorum
1486 913 1649 1012 nequitia
1675 916 1785 989 etiam
1812 913 1850 987 id
1875 915 2011 988 factum

479 1028 544 1107 est,
573 1013 672 1112 quod
694 1013 758 1087 alii
780 1012 929 1110 quidem
955 1012 1089 1111 partim
1116 1014 1306 1112 praeclara
1328 1014 1463 1114 partim
1489 1016 1611 1115 turpia
1636 1032 1802 1113 censent,
1836 1016 1900 1089 alii
1924 1042 2012 1090 con·

480 1133 537 1189 tra
563 1115 627 1189 illa
653 1117 774 1215 turpia
800 1114 892 1188 haec
918 1114 1107 1213 praeclara
1133 1115 1359 1210 existimant,
1400 1143 1512 1213 quum
1545 1119 1645 1217 leges
1681 1145 1703 1191 a
1736 1120 1843 1192 malis
1869 1120 2010 1219 angelis

479 1218 754 1292 accommodate
779 1216 828 1291 ad
851 1215 1015 1314 ipsorum
1037 1216 1238 1316 nequitiam
1258 1218 1442 1292 institutae
1464 1218 1546 1313 sint,
1576 1219 1709 1317 quibus
1724 1221 1888 1295 eiusdem
1910 1221 2009 1294 ordi-

479 1321 538 1394 nis
575 1320 743 1395 homines
778 1318 1001 1394 delectentur
1020 1320 1060 1419 l).
1127 1319 1200 1410 Qui
1233 1346 1319 1394 vero
1353 1336 1507 1419 peccant
1539 1335 1575 1395 et
1599 1323 1777 1421 peccandi
1803 1323 2011 1397 facultatem

478 1437 762 1521 consequuntur,
790 1426 932 1517 ειλόγῳ
956 1420 1167 1497 defecerunt
1191 1436 1227 1496 et
1248 1426 1350 1519 λόγῳ
1377 1436 1542 1497 carentes
1566 1423 1702 1518 vivunt,
1730 1425 1781 1498 ita
1804 1440 1843 1499 ut
1869 1425 2010 1500 etiamsi

478 1540 563 1599 ante
590 1524 729 1597 Christi
747 1524 944 1598 adventum
971 1524 1191 1617 exstiterint,
1228 1523 1368 1598 Ghristi
1394 1524 1535 1598 inimici
1562 1526 1698 1600 fuerint
1723 1554 1921 1625 eorumque
1949 1528 2010 1626 qui

478 1647 563 1699 cum
589 1633 690 1724 λόγῳ
717 1626 888 1731 vivebant
913 1625 1166 1700 interfectores
1180 1626 1224 1723 ²).
1277 1626 1321 1700 Id
1344 1626 1443 1700 enim
1470 1653 1614 1727 semper
1639 1629 1836 1704 effecerunt
1861 1629 2009 1703 daemo-
2054 1683 2056 1688 -

477 1755 555 1824 nes,
582 1743 622 1813 ut
648 1728 711 1827 qui
738 1729 995 1826 qualicumque
1015 1727 1128 1802 modo
1155 1728 1355 1803 secundum
1381 1728 1495 1829 logon
1520 1729 1641 1803 vivere
1663 1730 1863 1829 vitiumque
1883 1733 2010 1832 fugere

477 1832 702 1926 studuerunt,
730 1830 817 1904 odio
840 1856 968 1904 omnes
994 1830 1217 1905 haberentur
1233 1831 1275 1928 ³).
1328 1830 1426 1905 Nam
1452 1831 1538 1927 quia
1563 1832 1732 1907 homines
1759 1833 1892 1932 quibus
1916 1860 2009 1908 non-

476 1933 549 2006 nisi
574 1933 752 2033 particula
779 1931 961 2031 quaedam
988 1933 1141 2006 rationis
1167 1932 1355 2005 seminalis
1383 1934 1508 2033 (μέρυς
1534 1940 1594 2007 τοῦ
1617 1942 1859 2031 σπερματικοῦ
1881 1940 2008 2035 λόγου)

477 2036 604 2131 inerat
630 2035 797 2108 nondum
823 2033 981 2133 perfecte
1008 2060 1159 2133 prorsus
1183 2059 1266 2108 cum
1294 2035 1381 2133 logo
1416 2034 1538 2111 vivere
1567 2050 1735 2135 possent,
1770 2054 1866 2112 totus
1902 2038 2009 2139 logos

476 2138 553 2212 sive
580 2138 748 2211 Christus
775 2135 887 2209 homo
921 2137 1037 2209 factus
1072 2150 1143 2231 est,
1184 2148 1224 2210 ut
1248 2137 1419 2212 homines
1445 2136 1494 2210 ad
1519 2140 1631 2212 totius
1656 2139 1735 2239 logi
1760 2140 2009 2241 cognitionem

475 2254 512 2313 et
538 2238 883 2339 contemplationem
905 2238 1077 2333 viventes,
1105 2238 1265 2337 perfecte
1290 2237 1455 2313 viverent
1481 2255 1516 2314 et
1541 2240 1688 2339 plenam
1715 2267 1798 2337 cum
1824 2243 1904 2317 Deo
1921 2267 2007 2315 con-

476 2341 705 2416 suetudinem
732 2340 966 2439 haberent4);
994 2340 1040 2413 iis
1067 2367 1153 2415 vero
1181 2340 1244 2438 qui
1270 2358 1414 2440 praeter
1440 2353 1578 2416 rectum
1605 2343 1719 2442 logon
1746 2345 1902 2420 vixerint
1923 2352 2009 2437 (τοῖς

478 2442 520 2516 orl
552 2450 643 2535 μετὰ
665 2449 790 2537 ’λόγον
824 2441 942 2539 ὀρθοῦ
973 2447 1107 2537 βιοῦσι)
1145 2441 1185 2515 in
1220 2456 1369 2517 aeterno
1403 2444 1489 2543 igne
1528 2444 1747 2545 supplicium
1778 2446 1857 2522 fore
1877 2448 2007 2521 merito

475 2546 760 2621 denuntiaretur.
813 2546 908 2620 Nam
936 2560 1054 2619 rectus
1080 2545 1186 2645 logos
1210 2542 1246 2639 (ὃ
1270 2542 1385 2644 ὀρθὸς
1411 2545 1534 2645 λόγος)
1563 2546 1764 2623 adveniens
1785 2575 1861 2622 non
1880 2576 2007 2623 omnes

476 2649 671 2748 opiniones
697 2673 816 2747 neque
842 2648 967 2720 omnia
986 2647 1131 2722 decreta
1156 2647 1345 2746 praeclara
1370 2675 1449 2724 esse
1477 2649 1750 2745 demonstravit7
1779 2651 1843 2726 sed
1868 2649 2009 2725 bonum

475 2778 499 2823 a
524 2777 637 2849 pravo
660 2751 853 2825 manifesto
882 2749 1053 2824 discrevit
1069 2749 1109 2849 ⁵).

578 2853 704 2951 ltaque
738 2859 829 2925 κατὰ
863 2859 923 2925 τὸν
949 2850 1067 2949 ὀρθὸν
1092 2858 1204 2945 λόγον
1230 2852 1353 2926 vivere
1384 2879 1568 2925 summum
1591 2851 1740 2925 <Iustino
1768 2854 1927 2927 ethicum
1954 2869 2008 2928 est

371 3035 374 3040 ,
476 2954 715 3053 principium,
745 2953 845 3053 quod
871 2953 1020 3052 quidem
1055 2954 1154 3029 idem
1185 2969 1238 3028 est
1265 2978 1309 3026 ac
1335 2952 1567 3027 notissimum
1594 2954 1684 3027 illud
1711 2953 1934 3049 Stoicorum,
1969 2964 2006 3028 τὸ

476 3056 694 3138 ἀκολούθως
718 3063 758 3153 τῇ
783 3063 886 3151 φύσει
912 3061 983 3149 ζῆν,
1011 3055 1211 3130 secundum
1237 3069 1407 3128 naturam
1432 3054 1615 3156 viveret),
1644 3082 1737 3154 quae
1763 3084 1850 3132 vero
1877 3076 2007 3131 natura

474 3159 626 3233 minime
654 3160 810 3260 impetus
844 3175 914 3254 est,
954 3184 1026 3257 quo
1056 3159 1211 3257 quisque
1245 3157 1401 3250 feratur,
1434 3182 1553 3255 neque
1585 3157 1780 3259 peculiaris
1815 3160 2006 3233 hominum
2112 3209 2119 3224 ·

473 3276 613 3356 natura,
639 3261 704 3336 sed
726 3262 897 3342 universa
922 3287 1042 3335 rerum
1061 3274 1201 3355 natura,
1230 3285 1325 3357 quae
1342 3259 1547 3333 communis
1570 3260 1735 3335 omnium
1763 3275 1816 3334 est
1832 3262 2004 3336 conditio.

473 3362 708 3462 Quamquam
751 3364 849 3439 enim
879 3363 1111 3462 Chrysippus
1148 3361 1317 3435 docuisse
1354 3362 1484 3454 femur,
1532 3388 1607 3436 non
1651 3362 1769 3435 solum
1806 3364 2005 3438 secundum

473 3466 679 3540 universam
708 3465 772 3540 sed
798 3466 908 3539 etiam
929 3464 1128 3541 secundum
1154 3461 1377 3563 peculiarem
1399 3476 1567 3537 naturam
1593 3465 1706 3538 homo
1734 3464 1833 3539 vivat
1857 3491 2006 3541 necesse

472 3594 552 3641 esse
566 3569 606 3664 7),
634 3568 705 3640 hoc
727 3594 802 3641 non
829 3568 901 3641 uisi
922 3569 973 3641 ita
998 3567 1154 3666 intelligi
1172 3591 1281 3665 posse
1308 3565 1504 3664 videtur⁸)‚
1526 3579 1567 3639 ut
1592 3565 1788 3666 peculiaris
1813 3568 2004 3642 hominum

472 3684 604 3743 natura
638 3696 716 3744 sese
747 3669 999 3743 accommodet
1034 3668 1082 3741 ad
1115 3668 1344 3761 universam,
1396 3666 1578 3764 siquidem
1614 3668 1758 3768 privata
1791 3685 1922 3744 natura
1957 3671 2004 3745 ab

472 3771 643 3847 universa
675 3773 919 3866 contineatur,
957 3771 1079 3868 itaque
1109 3769 1148 3842 id
1180 3781 1323 3842 tantum
1359 3769 1413 3842 illi
1448 3770 1661 3869 particulari
1696 3785 1848 3845 naturae
1881 3790 2006 3872 aptum

473 3900 552 3948 esse
575 3874 707 3974 possit,
740 3873 948 3972 quodcum
976 3872 1147 3945 universa
1172 3871 1302 3944 mundi
1328 3871 1471 3946 ratione
1499 3873 1711 3949 consentiat.
1765 3872 2004 3972 Singulorum

472 3975 568 4050 vitae
595 3975 850 4050 convenientia
876 4000 958 4049 cum
985 3972 1172 4047 communi
1197 3973 1328 4046 mundi
1355 3974 1437 4074 lege
1462 3974 1544 4072 ipsa
1574 3976 1689 4048 virtus
1716 3989 1779 4047 est.

575 4076 718 4167 Quibus
753 4078 908 4151 narratis
944 4102 1056 4176 quum
1092 4074 1236 4150 Stoicae
1272 4075 1530 4175 philosophiae
1572 4077 1768 4150 formulam
1803 4079 2003 4152 maximam

472 4180 547 4251 vim
573 4179 745 4254 habuisse
772 4180 819 4253 ad
846 4175 1248 4255 excolendanr'dustini
1281 4176 1503 4271 doctrinam,
1543 4194 1751 4277 promptum
1779 4194 1815 4253 et
1839 4196 2002 4279 apertum

559 4433 700 4515 1).Ap01.
723 4434 771 4503 11,
794 4454 818 4492 c.
843 4437 860 4493 9
885 4453 914 4512 p.
938 4433 978 4491 48
997 4433 1061 4492 ΑΒ.

559 4527 589 4600 2)
613 4522 702 4600 Apol.
726 4521 757 4593 Ι,
780 4540 804 4578 c.
828 4522 868 4580 46
893 4540 922 4598 p.
945 4523 985 4580 83
1011 4519 1076 4581 01).

558 4613 592 4682 3>
615 4609 704 4711 hpol.
727 4606 771 4678 11,
796 4627 820 4665 c.
844 4609 863 4665 8
886 4626 916 4685 p.
940 4608 980 4667 tc
1004 4606 1067 4666 01).

439 4842 443 4848 .
556 4696 592 4861 di
614 4697 704 4860 lljpol.
726 4779 775 4852 ΙΙ,
799 4798 824 4837 c.
848 4781 865 4837 9
889 4798 918 4856 p.
942 4780 983 4837 48
1006 4776 1072 4836 ΑΒ.

559 4870 591 4946 6)
615 4868 653 4927 cf.
676 4869 773 4927 Ritter
796 4878 826 4924 et
848 4864 964 4924 Prellcr
986 4863 1006 4922 l.
1028 4884 1054 4921 e.
1077 4882 1105 4922 n.
1120 4865 1192 4922 419.
1236 4863 1335 4922 Ritter
1358 4863 1491 4935 „Gesch
1516 4863 1544 4922 d.
1568 4861 1784 4933 Philos.”111,
1808 4880 1838 4941 p.
1862 4863 1923 4920 cll
1938 4881 2002 4941 sqq,

562 4958 593 5033 7)
618 4957 717 5015 Ritter
740 4963 770 5013 et
792 4952 909 5012 Prellcr
931 4952 950 5009 l.
974 4952 992 5010 l.
1017 4971 1044 5009 n.
1069 4950 1112 5022 b.)

560 5045 594 5117 8)
618 5041 717 5101 Zeller
741 5038 881 5113 „Gesch
904 5038 932 5098 d.
956 5035 1057 5096 Phil.''
1080 5035 1140 5093 Ill:
1164 5035 1222 5095 Die
1247 5036 1383 5100 Stcische
1405 5035 1507 5095 Ethik.
1554 5038 1650 5095 Ritter
1672 5036 1691 5094 l.
1715 5036 1734 5094 l.
1757 5056 1786 5114 p.
1812 5037 1872 5093 617
1897 5037 1960 5112 sqq.
