5034 6084
1229 607 1279 679 26

491 811 702 912 saepissime
722 837 860 885 nomen
882 822 917 884 et
943 809 1160 910 dignitatem
1176 808 1246 882 Dei
1273 808 1307 882 ei
1332 807 1494 909 apponit,
1521 808 1631 883 etiam
1657 807 1697 881 in
1723 808 1795 882 hac
1817 806 2030 883 definitione

491 914 733 989 emanationis
760 912 940 988 rationem
968 925 1110 986 secutus
1124 911 1164 1011 1).
1218 908 1315 1001 Quia
1342 937 1436 1009 quae
1462 937 1485 984 a
1517 909 1706 1011 prophetis
1733 910 1927 984 dictasint
1952 936 2029 983 non
2090 986 2097 1008 ρ

491 1016 736 1092 intellexerint
761 1013 897 1111 Iudaei,
928 1028 1121 1113 propterea
1147 1040 1211 1087 eos
1237 1012 1350 1086 solius
1375 1026 1411 1087 et
1434 1011 1590 1113 ingeniti
1614 1024 1649 1087 et
1674 1011 1934 1086 inenarrabilis
1960 1011 2031 1087 Dei

492 1118 607 1193 filium
632 1119 753 1192 Deum
778 1143 856 1191 esse
883 1142 1029 1215 negare.
1093 1116 1268 1190 Attamen
1300 1141 1348 1190 ne
1373 1114 1684 1189 monotheismum
1717 1115 1904 1215 abnegare
1929 1113 2030 1189 vide-

493 1235 601 1316 retur,
629 1219 784 1295 eandem
807 1246 890 1293 eum
912 1217 1092 1292 rationem
1117 1216 1212 1292 inire
1231 1216 1399 1293 videmus
1425 1240 1469 1291 ac
1482 1215 1691 1291 Philonem.
1743 1217 1840 1290 Nam
1866 1217 1929 1291 hic
1951 1216 2032 1316 qui·

495 1321 579 1398 dem
606 1322 731 1422 logos,
767 1335 991 1421 quamquam
1017 1320 1096 1419 ipse
1121 1318 1222 1394 Deus
1255 1320 1476 1419 appellatur,
1506 1345 1582 1391 uon
1608 1333 1732 1392 tamen
1765 1318 1864 1395 idem
1889 1333 1944 1393 est
1969 1318 2033 1418 qui

492 1438 614 1542 pater,
651 1423 716 1499 sed
740 1439 780 1497 ut
804 1421 974 1496 Philonis
999 1421 1113 1497 verbo
1140 1435 1222 1494 utar
1245 1423 1407 1522 δεύτερος
1432 1421 1583 1520 deofl),
1618 1419 1720 1495 cuius
1744 1420 1916 1496 dominus
1942 1421 2033 1495 alter

494 1526 556 1601 rlle
583 1539 652 1622 est,
689 1526 752 1624 qui
776 1525 816 1598 in
839 1523 950 1598 coelis
977 1537 1142 1598 versatur
1155 1524 1200 1619 ὅ),
1236 1522 1289 1598 ita
1319 1542 1360 1598 ut
1382 1524 1462 1625 ipse
1488 1523 1535 1598 sit
1564 1527 1654 1605 θεὸς
1678 1530 1740 1595 καὶ
1770 1530 1892 1623 κύριος
1917 1526 2033 1624 ἔτερος

496 1626 565 1701 ’ὑπὸ
586 1635 647 1701 τὸν
670 1633 816 1722 ποιητὴν
839 1632 911 1700 τῶν
936 1622 1034 1698 ὅλων
1049 1623 1101 1725 4),
1137 1624 1200 1724 qui
1227 1625 1410 1701 subiectus
1436 1640 1490 1702 est
1522 1624 1619 1726 patri
1650 1625 1873 1725 dominoque
1909 1639 1943 1701 et
1969 1653 2033 1699 vo-

495 1731 626 1805 luntati
653 1730 730 1805 eius
754 1728 992 1828 ministret⁵)‚
1018 1726 1185 1826 nihilque
1205 1754 1382 1827 umquam
1404 1728 1490 1803 fecit
1508 1727 1582 1802 nisi
1607 1726 1707 1827 quod
1730 1724 1860 1801 mundi
1883 1742 2034 1823 creator,

497 1859 605 1932 quem
641 1859 752 1932 supra
784 1831 877 1905 alius
909 1830 1032 1904 nullus
1067 1843 1122 1905 est
1152 1828 1271 1926 Deus,
1306 1856 1390 1905 eum
1423 1829 1540 1906 voluit
1570 1843 1606 1905 et
1638 1828 1759 1904 facere
1792 1844 1827 1905 et
1856 1829 1977 1905 dicere
1990 1830 2033 1930 ⁶).

496 1934 593 2009 Nam
626 1933 885 2009 menarrabilis
918 1946 1022 2032 pater
1048 1945 1084 2006 et
1117 1930 1282 2006 omnium
1307 1931 1481 2007 dominus
1513 1958 1633 2031 neque
1656 1930 1695 2004 in
1728 1933 1849 2005 locum
1875 1932 2035 2031 aliquem

483 2036 596 2112 'venit
618 2063 795 2136 umquam
813 2060 933 2133 neque
959 2032 1124 2108 ambulat
1147 2060 1268 2134 neque
1286 2034 1422 2109 dormit
1441 2060 1561 2134 neque
1587 2033 1714 2134 surgit,
1742 2034 1863 2109 sedin
1883 2034 2036 2136 regione

498 2165 580 2235 sua,
607 2163 847 2238 quaecunque
873 2162 917 2211 ea
942 2150 1013 2232 est,
1047 2149 1188 2233 manet,
1223 2136 1349 2212 omnia
1373 2162 1526 2213 cernens
1553 2149 1588 2211 et
1612 2135 1783 2231 audiens,
1818 2163 1894 2211 non
1921 2136 2035 2211 oculis

496 2267 615 2339 neque
642 2240 793 2315 auribus
827 2238 892 2314 sed
927 2238 1100 2337 qualitate
1128 2239 1289 2338 quadam
1312 2238 1569 2335 inenarrabili3
1607 2238 1732 2312 omnia
1757 2238 1874 2335 videt,
1909 2238 2034 2314 omnia

498 2341 705 2443 cognoscit3
731 2367 851 2440 neque
876 2355 1043 2416 movetur
1069 2367 1189 2439 neque
1214 2342 1289 2415 ullo
1316 2343 1397 2417 loco
1425 2342 1515 2441 quin
1543 2366 1592 2415 ne
1616 2354 1692 2414 toto
1720 2340 1869 2439 quidem
1896 2341 2034 2415 mundo

499 2443 762 2544 comprehendi
784 2455 920 2544 potest,
952 2442 1095 2543 quippe
1122 2442 1185 2541 qui
1211 2445 1339 2519 velex
1364 2456 1511 2519 aeterno
1536 2442 1663 2517 fuisset
1689 2444 1903 2543 priusquam
1929 2470 2036 2517 muu-

499 2547 568 2620 dus
604 2547 724 2641 fieret‚
759 2544 900 2620 nemini
915 2570 1097 2644 ‚umquam
1123 2544 1240 2641 visus,
1273 2545 1461 2621 nemiuem
1496 2571 1671 2646 praesens
1701 2545 1879 2620 allocutus
1894 2544 1936 2644 7).
2000 2544 2038 2618 Is
2124 2639 2129 2648 ·

498 2675 585 2722 usus
609 2661 663 2722 est
686 2647 774 2748 logo
801 2646 864 2745 qui
890 2646 996 2746 quasi
1020 2645 1203 2721 ministret
1237 2648 1354 2748 ipsius
1380 2648 1576 2745 voluntati3
1617 2673 1818 2746 omnesque
1843 2647 1880 2721 in
1906 2646 2037 2723 veteris

500 2750 727 2824 Testamenti
753 2748 859 2823 libris
885 2748 1130 2849 theophaniae
1156 2774 1233 2823 non
1260 2749 1307 2826 de
1334 2778 1478 2825 summo
1504 2751 1584 2825 Deo
1610 2748 1871 2850 intelligendae
1898 2756 1963 2825 sed
1989 2748 2037 2822 ad

499 2852 708 2925 ministrum
732 2850 809 2926 eius
834 2849 1049 2926 referendae
1075 2865 1177 2949 sunt3
1204 2851 1267 2927 hic
1292 2853 1404 2928 modo
1438 2852 1446 2868 ’
1477 2852 1534 2927 nis
1561 2850 1681 2953 specie
1706 2852 1807 2927 visus
1833 2866 1897 2947 est,
1925 2851 2036 2925 modo

501 2954 608 3030 etiam
652 2953 827 3053 imaginis
871 2953 1161 3054 corporasceutis
1178 2953 1227 3053 ⁸),
1275 2982 1395 3055 neque
1430 2956 1463 3028 Α
1492 2981 1595 3029 raam
1629 2952 1742 3053 igitur
1780 2981 1899 3054 neque
1934 2954 2038 3028 Isaac

501 3083 620 3156 neque
653 3053 772 3129 Jacob
804 3081 924 3154 neque
960 3055 1110 3130 omnino
1147 3056 1314 3130 omnium
1347 3059 1442 3136 ullus
1477 3057 1671 3133 homiuum
1705 3056 1810 3130 illum
1846 3071 1886 3130 ut
1923 3056 2039 3157 ipsius

502 3158 640 3232 Christi
662 3170 804 3259 patrem
830 3171 866 3232 et
891 3156 1082 3231 dominum
1107 3184 1186 3232 non
1208 3160 1453 3234 enarrabilem
1479 3158 1586 3255 vidit,
1622 3156 1687 3232 sed
1713 3183 1797 3232 eum
1822 3158 1885 3257 qui
1910 3184 2040 3232 secuu-

503 3259 591 3335 dum
624 3259 740 3334 isius
777 3259 1001 3335 voluntatem
1035 3257 1136 3334 Deus
1167 3274 1239 3356 est,
1283 3260 1380 3335 filius
1414 3274 1450 3336 et
1483 3261 1636 3379 angelus
1653 3262 1697 3358 9).
1758 3259 1886 3358 Itaque
1916 3261 2041 3333 omnia

503 3387 597 3461 quae
660 3388 724 3436 eus
752 3360 791 3435 iu
817 3359 957 3435 mundo
990 3360 1082 3436 effici
1107 3361 1200 3458 vult,
1235 3389 1303 3462 per
1328 3363 1428 3438 hunc
1451 3362 1659 3437 mimstrum
1683 3359 1765 3436 fieri
1785 3361 1903 3459 iubet,
1939 3362 2041 3435 cuius

502 3463 630 3541 labore
667 3490 713 3539 ex
753 3462 927 3538 subiectis
964 3463 1075 3540 rebus
1111 3463 1281 3539 conditus
1320 3478 1374 3540 est
1409 3465 1601 3541 universus
1635 3463 1880 3565 mundus10);
1925 3489 2041 3561 eoque

613 3688 645 3765 1)
668 3685 811 3746 Duncker
839 3686 859 3745 l.
882 3706 909 3746 c.
930 3706 961 3765 p.
987 3690 1036 3746 16.
1078 3687 1160 3747 Just.
1182 3686 1263 3748 Dial.
1294 3709 1319 3748 c.
1343 3689 1394 3750 Tr.
1424 3711 1449 3749 c.
1472 3693 1513 3751 58
1539 3712 1568 3771 p.
1592 3694 1651 3752 281
1666 3693 1721 3754 D.:
1744 3690 1818 3767 θεὸς
1840 3694 1972 3754 καλεῖται
1992 3697 2041 3750 καὶ
2110 3676 2112 3678 ’

504 3776 578 3850 θεός
599 3772 659 3835 ἔστι
680 3778 729 3834 καὶ
751 3772 838 3833 ἔσται.
883 3767 921 3832 cf.
944 3793 969 3833 c.
995 3775 1054 3833 126
1077 3794 1107 3853 p.
1130 3776 1192 3835 355
1209 3774 1273 3834 OD.
1467 3801 1479 3828 ο

612 3858 646 3941 2)
668 3860 705 3920 V.
731 3860 830 3919 Ritter
858 3869 889 3919 et
912 3859 1028 3919 Preller
1056 3859 1076 3921 l.
1099 3880 1123 3921 c.
1147 3882 1177 3940 p.
1201 3864 1264 3921 564
1288 3883 1316 3920 n.
1339 3880 1365 3921 ο.
1408 3862 1490 3923 Just.
1512 3861 1603 3940 Apol.
1624 3862 1657 3935 Ι,
1690 3882 1715 3922 ο.
1739 3867 1779 3926 13
1808 3885 1838 3944 p.
1863 3867 1903 3926 60
1921 3864 1958 3922 Ε.
1981 3884 2041 3944 sq:

504 3946 568 4010 υἱὸν
596 3945 683 4009 adreci
706 3948 756 4007 τοῦ
778 3944 869 4018 ὅντως
891 3948 966 4007 θεοῦ
997 3946 1147 4025 μαθόντος
1176 3953 1227 4008 καί
1255 3945 1287 4009 ἓν
1308 3946 1426 4035 δευτέρᾳ
1444 3947 1531 4034 χώρᾳ
1563 3948 1737 4028 ἔχοντες-
1759 3986 1798 3995 -—
1822 3948 1953 4012 ἐνταῦθα
1982 3951 2041 4028 γὰρ

505 4041 617 4116 μανίαν
645 4031 728 4113 ἡμῶν
758 4039 985 4116 νοταφοίνονταν
1014 4030 1148 4113 δευτέραν
1173 4034 1277 4115 χώραν
1305 4033 1376 4115 μετὰ
1407 4033 1457 4097 τὸν
1485 4034 1623 4115 ἄτρεπτον
1652 4041 1703 4096 καὶ
1724 4035 1771 4099 ἀεὶ
1801 4038 1869 4099 ὄντα
1891 4037 1965 4100 θεὸν
1992 4043 2042 4097 καὶ

505 4122 659 4202 γεννήτορα
691 4123 746 4180 τῶν
775 4118 913 4181 ἁπάντων
941 4116 1097 4200 ἀνθρώπῳ
1129 4126 1326 4202 στανρωθέντν
1348 4120 1468 4183 διδόναι
1495 4118 1573 4199 ἡμᾶς
1601 4125 1728 4202 λέγοντες
1757 4123 1926 4203 ἀγνοοῦντες
1957 4123 1987 4184 τὸ
2010 4120 2041 4184 ἐν

507 4208 556 4271 τού
617 4206 785 4286 protritos.

558 4229 919 4373 ιφ3)Ι)111.ο.’1’τ.ο.
945 4294 1005 4352 129
1030 4311 1058 4370 p.
1082 4291 1195 4352 3581).

613 4382 648 4451 4)
670 4379 710 4439 n.
732 4400 757 4439 ο.
780 4380 821 4438 ss
844 4398 873 4456 p.
898 4379 1010 4438 27513.

613 4469 648 4543 5)
670 4466 709 4526 ib.
739 4486 764 4526 e.
788 4467 849 4525 126
872 4484 904 4543 p.
927 4466 988 4525 356
1001 4464 1053 4523 B.:
1082 4460 1128 4524 δι’
1148 4456 1191 4524 ὧν
1212 4457 1415 4526 ἀποδέδεικται
1436 4463 1494 4528 tat
1517 4469 1556 4545 τῷ
1578 4473 1664 4547 πατρὶ
1692 4472 1742 4528 ναὶ
1763 4473 1853 4546 κυρίῳ
1875 4472 2042 4544 τεταγμένος

507 4562 556 4619 καὶ
577 4553 722 4634 ὑπηρετῶν
742 4553 775 4634 τῇ
796 4552 888 4631 βουλῇ
911 4547 1001 4625 oritoni,
1020 4550 1077 4611 κτλ.

615 4642 645 4720 6)
667 4640 748 4699 Dial.
770 4659 795 4697 c.
817 4638 870 4698 Tr.
893 4657 918 4697 c.
941 4639 981 4697 56
1004 4657 1034 4716 p.
1059 4634 1171 4694 2761).

615 4727 646 4805 7)
670 4727 710 4786 ib.
733 4745 759 4785 c.
783 4728 843 4785 127
867 4745 896 4804 p.
920 4725 982 4784 357
995 4727 1033 4782 A.
1065 4742 1090 4781 c.
1114 4723 1154 4783 56
1177 4741 1206 4800 p.
1231 4724 1292 4781 275
1305 4723 1343 4780 A.

614 4813 648 4893 Θ)
671 4811 814 4892 Apoll,
837 4831 862 4871 ο.
885 4814 925 4872 63
949 4830 978 4889 p.
1003 4812 1043 4871 96
1056 4810 1093 4868 A.

587 4957 589 4964 ,
615 4900 648 4980 9)
673 4899 752 4959 Dial.
774 4918 800 4958 c.
821 4898 874 4958 Tr.
896 4918 921 4957 c.
944 4898 1006 4957 127
1028 4917 1059 4977 p.
1083 4895 1145 4956 357
1158 4894 1195 4951 A.
1240 4892 1378 4972 Apoll,
1401 4913 1426 4952 ο.
1450 4896 1490 4953 62
1514 4914 1543 4973 p.
1567 4894 1607 4954 95
1620 4893 1654 4951 Β.

595 4986 649 5066 ιο)
673 4988 763 5067 Apol.
784 4984 807 5059 1,
830 5005 855 5044 e.
879 4986 918 5047 ss
940 5003 970 5063 p.
994 4985 1035 5043 ca
1049 4982 1088 5041 u.
