5034 6084
1244 617 1290 687 64

488 807 594 906 logos
618 816 806 902 tamquam
829 800 980 901 organis
1006 826 1093 874 usus
1124 812 1178 874 est
1198 801 1237 900 ¹).
1304 798 1432 897 Itaque
1465 800 1577 875 homo
1613 802 1645 875 si
1677 803 1756 879 Deo
1791 830 1830 879 se
1857 803 1937 899 dat,
1966 806 2030 903 qui

491 907 649 1008 optimus
671 905 835 979 medicus
860 929 927 1003 per
951 904 1065 1004 logon
1094 927 1199 976 suum
1224 915 1259 977 et
1285 900 1503 1001 sapientiam
1529 917 1636 978 sonat
1662 918 1698 980 et
1722 905 1884 980 vivificat
1899 906 1941 1005 ²),
1972 934 2029 982 se-

492 1008 652 1083 cundum
679 1007 790 1081 hasce
816 1004 960 1079 divinas
986 1006 1088 1105 leges
1109 1018 1207 1079 caste
1231 1017 1267 1079 et
1291 1003 1351 1103 pie
1376 1016 1412 1077 et
1437 1004 1531 1080 iuste
1558 1004 1715 1106 degens,
1752 1007 1870 1081 Deum
1904 1008 2029 1084 videre

423 1181 432 1197 ,
491 1110 640 1211 poterit,
663 1107 934 1209 perfectamque
959 1107 1036 1182 eius
1063 1107 1315 1206 cognitionem
1346 1114 1510 1205 assequi,
1545 1108 1766 1184 mortalitate
1802 1109 1968 1210 deposita
1995 1126 2031 1185 et

492 1210 763 1287 immortalitate
786 1208 925 1282 induta.
978 1207 1081 1299 Quae
1116 1207 1332 1283 resurrectio
1366 1233 1442 1282 non
1477 1210 1596 1283 solum
1634 1212 1780 1286 animae
1814 1212 1878 1287 sed
1918 1212 2029 1288 etiam

493 1313 658 1414 corporis
685 1311 770 1408 erit,
797 1325 950 1410 utroque
978 1311 1171 1384 coniuncto
1188 1311 1232 1410 ³).

605 1414 685 1488 lam
712 1413 870 1511 denique
896 1412 992 1487 siin
1020 1412 1153 1511 quibus
1180 1411 1379 1512 Theophili
1403 1413 1590 1488 sententiis
1607 1412 1752 1489 Stoicae
1772 1414 2029 1516 philosophiae

493 1516 648 1617 vestigia
664 1515 838 1616 cognosci
855 1515 1074 1611 invenimus,
1101 1514 1262 1589 breviter
1283 1514 1559 1613 complectimur
1576 1530 1660 1591 sunt
1674 1517 1750 1592 fere
1767 1517 1876 1592 haec:
1906 1517 2029 1592 Theo-

493 1620 616 1721 philus
642 1617 820 1691 mundum
843 1618 1045 1690 animatum
1072 1629 1107 1691 et
1131 1630 1358 1716 permeatum
1411 1630 1487 1690 utat
1511 1644 1589 1693 esse
1611 1645 1633 1692 a
1656 1618 1784 1718 spiritu
1810 1618 1921 1714 vitali,
1950 1620 2029 1695 sine

495 1749 587 1821 quo,
615 1720 781 1820 quamvis
807 1718 966 1819 pendeat
992 1746 1037 1793 ex
1062 1718 1134 1792 Dei
1160 1732 1260 1813 nutu,
1287 1644 1447 1791 mundus
1473 1734 1641 1795 constare
1665 1747 1741 1794 non
1762 1720 1887 1819 possit.
1910 1720 2029 1795 Porro

496 1825 587 1898 duas
614 1821 836 1898 essentiales·
850 1821 1013 1895 hominis
1029 1834 1151 1920 partes
1167 1819 1361 1920 distinguit
1378 1834 1413 1896 et
1429 1837 1598 1895 naturam
1618 1822 1819 1895 humanam
1843 1849 1888 1897 ex
1904 1822 2029 1897 anima

495 1942 530 2001 et
555 1951 708 2025 corpore
745 1937 913 1998 constare
950 1923 1072 2018 docet,
1109 1923 1250 1995 nullum
1285 1949 1434 2022 prorsus
1466 1949 1758 1999 commemorans
1791 1923 2030 2000 substantiale

493 2027 726 2128 principium,
749 2052 772 2100 a
797 2024 899 2099 cuius
925 2051 1021 2098 nexu
1045 2037 1080 2099 et
1103 2024 1249 2099 vinculo
1275 2024 1531 2099 immortalitas
1555 2026 1723 2126 pendeat.
1766 2024 1928 2125 Utraque
1943 2055 2030 2128 pars

496 2158 608 2229 quum
640 2129 765 2229 genita
799 2127 863 2222 sit,
905 2127 1013 2202 etiam
1037 2128 1202 2201 mortalis
1229 2139 1300 2222 est,
1333 2126 1385 2199 ita
1411 2126 1561 2225 quidem
1597 2141 1638 2201 ut
1670 2127 1795 2202 anima
1822 2129 1963 2203 ratione
1994 2144 2030 2204 et

494 2231 611 2315 libero
638 2230 791 2304 arbitrio
818 2228 995 2329 insignis,
1030 2230 1139 2303 talem
1172 2227 1321 2303 vivendi
1354 2229 1534 2304 rationem
1569 2230 1672 2330 sequi
1702 2228 1836 2329 possit,
1875 2257 1948 2329 qua
1980 2226 2029 2305 ad

494 2332 804 2408 immortalitatem
827 2331 1011 2405 evehatur.
1061 2328 1135 2405 Sed
1162 2330 1330 2430 quamvis
1355 2331 1468 2405 homo
1494 2332 1611 2407 libero
1629 2330 1781 2406 arbitrio
1800 2331 1851 2405 ita
1868 2335 1914 2406 sit
1929 2360 2028 2429 usus,

495 2453 534 2510 ut
559 2462 582 2509 a
607 2434 687 2508 Deo
714 2433 908 2528 deficiens,
933 2433 1134 2506 secundum
1160 2446 1329 2507 naturam
1363 2432 1485 2508 vivere
1516 2461 1590 2508 non
1624 2432 1796 2528 voluerit,
1819 2434 1918 2509 Deus
1945 2463 2028 2509 eum

494 2536 648 2639 perdere
675 2535 809 2630 noluit,
839 2534 902 2609 sed
924 2561 990 2634 per
1017 2535 1143 2634 logum
1164 2548 1199 2609 et
1223 2535 1442 2634 sapientiam
1476 2549 1512 2611 et
1541 2562 1608 2636 per
1636 2534 1759 2630 viros,
1797 2536 1884 2637 logo
1912 2537 2029 2637 inspi-

495 2654 605 2733 ratos,
629 2639 749 2738 legem
778 2636 940 2710 divinam
965 2636 1148 2732 revelavit,
1174 2642 1220 2709 ad
1248 2662 1358 2735 quam
1384 2662 1456 2734 quo
1483 2665 1553 2711 nos
1579 2650 1844 2733 convertamus,
1872 2665 2027 2737 eamque

496 2740 609 2817 secuti
644 2740 757 2813 vitam
795 2739 1039 2813 immortalem
1081 2753 1117 2812 et
1155 2738 1319 2812 divinam
1354 2739 1552 2836 quamdam
1586 2764 1841 2837 assequamur,
1881 2756 2027 2816 strenue

493 2843 638 2919 studere
664 2841 850 2917 debemus.
1142 2933 1145 2939 ι

608 2944 735 3043 Itaque
764 2970 874 3043 quam
901 2943 1023 3018 brevis
1048 2943 1214 3018 doctrina
1240 2969 1264 3015 a
1290 2941 1498 3042 Theophilo
1526 2944 1691 3044 exposita
1715 2958 1751 3019 ct
1774 2965 1887 3042 quam·
1904 2944 2025 3018 brevi-

495 3065 548 3122 ter
574 3046 756 3121 indicatae
783 3046 861 3120 eius
888 3046 1098 3141 sententiae,
1122 3044 1282 3119 maxime
1305 3071 1387 3119 eum
1415 3069 1497 3117 cum
1522 3044 1669 3120 lustino
1695 3045 1901 3121 consentire
1927 3046 2029 3122 vide-

495 3176 587 3223 mus.
610 3181 619 3199 ·
641 3148 716 3234 Sed
742 3147 841 3246 quod
865 3148 1008 3221 homini
1035 3148 1109 3221 iam
1136 3148 1183 3221 ab
1206 3145 1311 3220 initio
1338 3160 1434 3221 recte
1460 3146 1608 3222 vivendi
1641 3148 1795 3222 facultas
1830 3147 1915 3221 data
1948 3176 2029 3224 esse

495 3252 653 3347 dicatur,
681 3250 804 3325 nescio
829 3276 877 3323 an
904 3249 991 3324 inde
1016 3266 1113 3325 recte
1140 3248 1299 3324 derivari
1320 3247 1452 3347 possit,
1480 3263 1601 3323 utrum
1627 3249 1738 3322 simili
1765 3276 1837 3348 quo
1861 3247 2029 3324 Justinus

497 3353 608 3427 modo
634 3352 841 3427 doctrinam
867 3351 913 3426 de
941 3352 1109 3427 seminali
1143 3349 1285 3424 ratione
1317 3351 1514 3448 acceperit,
1548 3376 1676 3426 necne.
1739 3350 1892 3451 Saepius
1929 3352 2027 3426 eninr

497 3481 635 3555 magna
661 3455 872 3528 laboramus
899 3453 1124 3549 difficultate,
1160 3458 1223 3551 qui
1253 3452 1451 3526 sententias
1485 3452 1645 3527 breviter
1679 3452 1859 3527 indicatas
1891 3453 1938 3527 ad
1967 3481 2032 3553 sy-¹

496 3572 612 3633 stema
637 3581 809 3630 revocare
834 3556 1029 3656 possimus.

608 3658 733 3734 Minus
758 3657 916 3732 breviter
937 3685 1046 3757 quam
1077 3655 1277 3758 Theophili
1300 3654 1514 3756 disciplina,
1550 3656 1693 3732 etiamsi
1722 3685 1798 3733 non
1831 3658 2027 3732 accuratis-

496 3763 586 3837 sime
612 3787 731 3859 neque
754 3760 856 3833 omni
882 3787 926 3834 ex
947 3774 1067 3860 parte,
1090 3760 1270 3833 illustrata
1296 3773 1380 3831 sunt
1405 3758 1665 3860 Athenagorae
1684 3760 1835 3861 placita,
1861 3761 1962 3834 cuius
1989 3777 2028 3833 ut

496 3864 681 3939 doctrinas
706 3862 752 3936 de
775 3860 915 3935 mundo
941 3861 1042 3936 etde
1067 3862 1218 3937 homine
1243 3860 1493 3935 examinemus
1519 3862 1608 3936 etsi
1635 3889 1728 3961 quae
1752 3862 1922 3961 antiquae
1944 3862 2027 3961 phi-

495 3965 685 4066 losophiae
711 3965 750 4037 in
776 3964 821 4038 iis
847 3963 1080 4039 inveniantur
1105 3963 1270 4063 vestigia,
1294 3962 1432 4037 fontem
1459 3990 1504 4037 ex
1529 3989 1600 4063 quo
1620 3964 1791 4060 hauserit,
1811 3964 2028 4058 indicemus,

496 4093 645 4143 necesse
672 4081 742 4162 est,
770 4081 967 4164 antequam
991 4064 1257 4140 dissertationis
1284 4078 1429 4139 nostrae
1459 4066 1572 4139 finem
1597 4067 1785 4140 faciamus.
1849 4065 1929 4140 lam
1963 4066 2028 4140 ubi

496 4170 701 4245 doctrinam
728 4168 805 4244 eius
833 4168 879 4242 de
904 4169 983 4243 Deo
1008 4167 1223 4269 perscrutati
1254 4193 1396 4262 sumus,
1433 4192 1590 4266 quacum
1628 4168 1814 4244 doctrinas
1848 4167 1896 4244 de
1928 4171 2026 4269 logo,

496 4273 542 4348 de
568 4271 729 4373 angelis,
765 4269 812 4345 de
833 4270 1017 4345 creatione
1041 4268 1318 4364 coniunximuS,
1358 4295 1533 4369 magnam
1567 4270 1738 4369 antiquae
1771 4270 2029 4371 philosophiae

496 4374 544 4448 ad
564 4401 626 4450 eas
644 4372 864 4449 excolendas
879 4372 992 4446 fuisse
1009 4372 1094 4468 vim,
1122 4386 1157 4446 et
1177 4399 1199 4445 a
1216 4370 1370 4446 Platone
1390 4370 1573 4471 imprimis
1591 4374 1706 4447 multa
1729 4400 1812 4449 eum
1831 4373 2026 4467 derivasse,

605 4683 637 4750 1)
660 4676 702 4751 ΙΙ,
726 4680 744 4737 9
768 4685 799 4736 et
823 4678 872 4737 10.

605 4766 638 4840 2)
660 4763 685 4836 l,
711 4766 745 4822 7:
768 4760 842 4823 ἀλλὰ
866 4763 891 4825 al
912 4762 1013 4840 βούλει
1034 4758 1158 4822 doarium
1179 4766 1405 4842 θεραπευθῆναι
1427 4765 1485 4823 κτλ.

602 4854 635 4923 3)
657 4849 682 4922 Ι,
706 4851 743 4909 8;
768 4885 808 4894 -
835 4885 869 4894 -
896 4856 946 4910 καὶ
968 4848 1027 4910 τότε
1049 4847 1177 4923 συνήσεις
1199 4854 1285 4910 ταῦτα
1309 4850 1377 4910 ὅταν
1400 4846 1520 4930 ἇπόθῃς
1549 4846 1580 4909 τὸ
1610 4845 1719 4923 θνητὸν
1748 4851 1798 4907 καὶ
1827 4843 1949 4927 ἕνδῦσῃς
1982 4846 2028 4923 riv

495 4936 689 5019 ἀφθαρσίαν,
714 4936 773 4998 τότε
795 4936 864 5016 ὄψει
885 4935 953 4997 κατ’
977 4932 1062 5007 ἀξίαν
1083 4933 1132 4995 τὸν
1153 4937 1237 4997 θεόν.
1261 4934 1399 5014 ἀνεγείρει
1420 4937 1478 5014 γάρ
1508 4954 1559 4996 σον
1590 4932 1636 5010 τὴν
1665 4933 1761 5013 σάρκα
1792 4929 1945 4995 ἄθαναιον
1975 4933 2030 4998 σὺν

496 5028 526 5104 τῇ
549 5028 625 5105 ψυχῇ
649 5021 666 5083 ὅ
688 5022 780 5095 θεός·
802 5029 852 5082 καὶ
873 5023 932 5085 τότε
955 5023 1024 5102 ὄψει
1046 5021 1201 5099 γενόμενος
1225 5020 1377 5095 ἀθάνατος
1399 5022 1447 5084 τὸν
1469 5021 1634 5084 α’θάνατνν.
1693 5055 1700 5070 ·
