<?xml version="1.0" encoding="UTF-8"?>
<!DOCTYPE html PUBLIC "-//W3C//DTD XHTML 1.0 Transitional//EN"
    "http://www.w3.org/TR/xhtml1/DTD/xhtml1-transitional.dtd">
<html xmlns="http://www.w3.org/1999/xhtml" xml:lang="en" lang="en">
 <head>
  <title>
</title>
<meta http-equiv="Content-Type" content="text/html;charset=utf-8" />
  <meta name='ocr-system' content='tesseract 3.04.00' />
  <meta name='ocr-capabilities' content='ocr_page ocr_carea ocr_par ocr_line ocrx_word'/>
</head>
<body>
  <div class='ocr_page' id='page_1' title='image "./vimatquepotesta00ehlegoog_0039.png"; bbox 0 0 5034 6084; ppageno 0'>
   <div class='ocr_carea' id='block_1_1' title="bbox 1293 654 1342 726">
    <p class='ocr_par' dir='ltr' id='par_1_1' title="bbox 1293 654 1342 726">
     <span class='ocr_line' id='line_1_1' title="bbox 1293 654 1342 726; baseline -0.02 0"><span class='ocrx_word' id='word_1_1' title='bbox 1293 654 1342 726; x_wconf 77' lang='lat'>27</span> 
     </span>
    </p>
   </div>
   <div class='ocr_carea' id='block_1_2' title="bbox 474 855 2078 3820">
    <p class='ocr_par' dir='ltr' id='par_1_2' title="bbox 539 855 2077 1062">
     <span class='ocr_line' id='line_1_2' title="bbox 539 855 2077 960; baseline 0 -26"><span class='ocrx_word' id='word_1_2' title='bbox 539 860 651 935; x_wconf 91' lang='lat' dir='ltr'>utitur</span> <span class='ocrx_word' id='word_1_3' title='bbox 676 855 797 960; x_wconf 83' lang='lat' dir='ltr'>pater,</span> <span class='ocrx_word' id='word_1_4' title='bbox 834 885 907 957; x_wconf 93' lang='lat' dir='ltr'>quo</span> <span class='ocrx_word' id='word_1_5' title='bbox 935 883 993 932; x_wconf 91' lang='lat' dir='ltr'>res</span> <span class='ocrx_word' id='word_1_6' title='bbox 1020 856 1194 932; x_wconf 85' lang='lat' dir='ltr'>coelestes</span> <span class='ocrx_word' id='word_1_7' title='bbox 1219 856 1318 957; x_wconf 91' lang='lat' dir='ltr'>apud</span> <span class='ocrx_word' id='word_1_8' title='bbox 1343 856 1513 932; x_wconf 90' lang='lat' dir='ltr'>homines</span> <span class='ocrx_word' id='word_1_9' title='bbox 1537 870 1659 957; x_wconf 84' lang='lat' dir='ltr'><strong>gerat,</strong></span> <span class='ocrx_word' id='word_1_10' title='bbox 1680 870 1716 932; x_wconf 92' lang='lat' dir='ltr'>et</span> <span class='ocrx_word' id='word_1_11' title='bbox 1740 856 1871 932; x_wconf 88' lang='lat' dir='ltr'>efficiat</span> <span class='ocrx_word' id='word_1_12' title='bbox 1893 882 2077 957; x_wconf 89' lang='lat' dir='ltr'>quaecun-</span> 
     </span>
     <span class='ocr_line' id='line_1_3' title="bbox 539 958 1159 1062; baseline -0.005 -26"><span class='ocrx_word' id='word_1_13' title='bbox 539 989 610 1061; x_wconf 86' lang='lat' dir='ltr'>que</span> <span class='ocrx_word' id='word_1_14' title='bbox 635 959 867 1062; x_wconf 90' lang='lat' dir='ltr'>providentia</span> <span class='ocrx_word' id='word_1_15' title='bbox 893 986 958 1034; x_wconf 91' lang='lat' dir='ltr'>sua</span> <span class='ocrx_word' id='word_1_16' title='bbox 984 958 1159 1033; x_wconf 87' lang='lat' dir='ltr'>statuerit.</span> 
     </span>
    </p>

    <p class='ocr_par' dir='ltr' id='par_1_3' title="bbox 480 1060 2075 1675">
     <span class='ocr_line' id='line_1_4' title="bbox 640 1060 2075 1178; baseline 0.001 -42"><span class='ocrx_word' id='word_1_17' title='bbox 640 1062 741 1153; x_wconf 85' lang='lat' dir='ltr'>Quas</span> <span class='ocrx_word' id='word_1_18' title='bbox 774 1060 921 1161; x_wconf 93' lang='lat' dir='ltr'>quidem</span> <span class='ocrx_word' id='word_1_19' title='bbox 955 1060 1142 1135; x_wconf 80' lang='lat' dir='ltr'><strong>doctrinas</strong></span> <span class='ocrx_word' id='word_1_20' title='bbox 1164 1088 1276 1161; x_wconf 91' lang='lat' dir='ltr'>quam</span> <span class='ocrx_word' id='word_1_21' title='bbox 1306 1060 1517 1178; x_wconf 91' lang='lat' dir='ltr'>propinqua</span> <span class='ocrx_word' id='word_1_22' title='bbox 1548 1076 1720 1161; x_wconf 91' lang='lat' dir='ltr'>arctaque</span> <span class='ocrx_word' id='word_1_23' title='bbox 1754 1063 1974 1162; x_wconf 82' lang='lat' dir='ltr'>cognatione</span> <span class='ocrx_word' id='word_1_24' title='bbox 2006 1063 2075 1137; x_wconf 86' lang='lat' dir='ltr'>im-</span> 
     </span>
     <span class='ocr_line' id='line_1_5' title="bbox 538 1162 2075 1268; baseline -0.001 -28"><span class='ocrx_word' id='word_1_25' title='bbox 538 1165 668 1268; x_wconf 82' lang='lat' dir='ltr'>primis</span> <span class='ocrx_word' id='word_1_26' title='bbox 695 1190 778 1239; x_wconf 94' lang='lat' dir='ltr'>cum</span> <span class='ocrx_word' id='word_1_27' title='bbox 804 1163 973 1238; x_wconf 91' lang='lat' dir='ltr'>Philonis</span> <span class='ocrx_word' id='word_1_28' title='bbox 999 1162 1142 1238; x_wconf 89' lang='lat' dir='ltr'>ratione</span> <span class='ocrx_word' id='word_1_29' title='bbox 1166 1188 1210 1239; x_wconf 88' lang='lat' dir='ltr'>ac</span> <span class='ocrx_word' id='word_1_30' title='bbox 1236 1164 1328 1238; x_wconf 88' lang='lat' dir='ltr'>discr</span> <span class='ocrx_word' id='word_1_31' title='bbox 1354 1162 1432 1237; x_wconf 92' lang='lat' dir='ltr'>lina</span> <span class='ocrx_word' id='word_1_32' title='bbox 1458 1163 1730 1260; x_wconf 78' lang='lat' dir='ltr'>contineantur,</span> <span class='ocrx_word' id='word_1_33' title='bbox 1767 1164 1829 1238; x_wconf 85' lang='lat' dir='ltr'>vix</span> <span class='ocrx_word' id='word_1_34' title='bbox 1855 1192 2075 1265; x_wconf 82' lang='lat' dir='ltr'><strong>quemquam</strong></span> 
     </span>
     <span class='ocr_line' id='line_1_6' title="bbox 480 1190 2073 1368; baseline 0.001 -28"><span class='ocrx_word' id='word_1_35' title='bbox 480 1330 485 1340; x_wconf 91' lang='lat'>.</span> <span class='ocrx_word' id='word_1_36' title='bbox 539 1268 603 1368; x_wconf 91' lang='lat' dir='ltr'>qui</span> <span class='ocrx_word' id='word_1_37' title='bbox 636 1267 765 1342; x_wconf 88' lang='lat' dir='ltr'>Nostri</span> <span class='ocrx_word' id='word_1_38' title='bbox 805 1265 939 1365; x_wconf 85' lang='lat' dir='ltr'>placita</span> <span class='ocrx_word' id='word_1_39' title='bbox 981 1290 1063 1340; x_wconf 90' lang='lat' dir='ltr'>cum</span> <span class='ocrx_word' id='word_1_40' title='bbox 1097 1279 1259 1341; x_wconf 88' lang='lat' dir='ltr'>veterum</span> <span class='ocrx_word' id='word_1_41' title='bbox 1299 1190 1603 1366; x_wconf 79' lang='lat' dir='ltr'>pbilosophorum</span> <span class='ocrx_word' id='word_1_42' title='bbox 1643 1266 1832 1342; x_wconf 83' lang='lat' dir='ltr'>sententiis</span> <span class='ocrx_word' id='word_1_43' title='bbox 1873 1268 2073 1363; x_wconf 86' lang='lat' dir='ltr'>contulerit,</span> 
     </span>
     <span class='ocr_line' id='line_1_7' title="bbox 539 1366 2073 1471; baseline -0.001 -26"><span class='ocrx_word' id='word_1_44' title='bbox 539 1370 664 1471; x_wconf 80' lang='lat' dir='ltr'>lugiet.</span> <span class='ocrx_word' id='word_1_45' title='bbox 724 1367 867 1443; x_wconf 87' lang='lat' dir='ltr'>Eadem</span> <span class='ocrx_word' id='word_1_46' title='bbox 901 1393 988 1464; x_wconf 83' lang='lat' dir='ltr'>vero</span> <span class='ocrx_word' id='word_1_47' title='bbox 1023 1368 1095 1464; x_wconf 88' lang='lat' dir='ltr'>vis,</span> <span class='ocrx_word' id='word_1_48' title='bbox 1134 1394 1244 1467; x_wconf 90' lang='lat' dir='ltr'>quam</span> <span class='ocrx_word' id='word_1_49' title='bbox 1278 1368 1371 1442; x_wconf 89' lang='lat' dir='ltr'>haec</span> <span class='ocrx_word' id='word_1_50' title='bbox 1396 1366 1566 1442; x_wconf 87' lang='lat' dir='ltr'>eclectica</span> <span class='ocrx_word' id='word_1_51' title='bbox 1598 1367 1834 1470; x_wconf 89' lang='lat' dir='ltr'>philosophia</span> <span class='ocrx_word' id='word_1_52' title='bbox 1867 1369 1916 1442; x_wconf 92' lang='lat' dir='ltr'>ad</span> <span class='ocrx_word' id='word_1_53' title='bbox 1939 1367 2073 1445; x_wconf 83' lang='lat' dir='ltr'>Justini</span> 
     </span>
     <span class='ocr_line' id='line_1_8' title="bbox 537 1468 2074 1572; baseline -0.001 -25"><span class='ocrx_word' id='word_1_54' title='bbox 537 1472 744 1547; x_wconf 81' lang='lat' dir='ltr'>doctrinam</span> <span class='ocrx_word' id='word_1_55' title='bbox 770 1470 816 1545; x_wconf 89' lang='lat' dir='ltr'>de</span> <span class='ocrx_word' id='word_1_56' title='bbox 843 1469 929 1570; x_wconf 83' lang='lat' dir='ltr'>logo</span> <span class='ocrx_word' id='word_1_57' title='bbox 964 1469 1205 1545; x_wconf 84' lang='lat' dir='ltr'>excolendam</span> <span class='ocrx_word' id='word_1_58' title='bbox 1229 1468 1378 1565; x_wconf 89' lang='lat' dir='ltr'>habuit,</span> <span class='ocrx_word' id='word_1_59' title='bbox 1413 1468 1522 1544; x_wconf 91' lang='lat' dir='ltr'>etiam</span> <span class='ocrx_word' id='word_1_60' title='bbox 1548 1470 1587 1544; x_wconf 91' lang='lat' dir='ltr'>in</span> <span class='ocrx_word' id='word_1_61' title='bbox 1615 1470 1770 1545; x_wconf 86' lang='lat' dir='ltr'>aliorum</span> <span class='ocrx_word' id='word_1_62' title='bbox 1798 1473 2074 1572; x_wconf 84' lang='lat' dir='ltr'>apologetarum</span> 
     </span>
     <span class='ocr_line' id='line_1_9' title="bbox 537 1573 956 1675; baseline -0.007 -27"><span class='ocrx_word' id='word_1_63' title='bbox 537 1573 741 1675; x_wconf 90' lang='lat' dir='ltr'>disciplinis</span> <span class='ocrx_word' id='word_1_64' title='bbox 767 1573 956 1673; x_wconf 91' lang='lat' dir='ltr'>reperitur.</span> 
     </span>
    </p>

    <p class='ocr_par' dir='ltr' id='par_1_4' title="bbox 474 1673 2078 3720">
     <span class='ocr_line' id='line_1_10' title="bbox 636 1673 2074 1777; baseline -0.001 -26"><span class='ocrx_word' id='word_1_65' title='bbox 636 1674 774 1751; x_wconf 83' lang='lat' dir='ltr'>Justini</span> <span class='ocrx_word' id='word_1_66' title='bbox 800 1675 916 1749; x_wconf 88' lang='lat' dir='ltr'>instar</span> <span class='ocrx_word' id='word_1_67' title='bbox 936 1673 1114 1762; x_wconf 86' lang='lat' dir='ltr'>Tatianus</span> <span class='ocrx_word' id='word_1_68' title='bbox 1139 1700 1285 1773; x_wconf 90' lang='lat' dir='ltr'>quoque</span> <span class='ocrx_word' id='word_1_69' title='bbox 1310 1675 1358 1750; x_wconf 89' lang='lat' dir='ltr'>ab</span> <span class='ocrx_word' id='word_1_70' title='bbox 1386 1674 1630 1750; x_wconf 86' lang='lat' dir='ltr'>emanationis</span> <span class='ocrx_word' id='word_1_71' title='bbox 1654 1674 1797 1750; x_wconf 90' lang='lat' dir='ltr'>ratione</span> <span class='ocrx_word' id='word_1_72' title='bbox 1821 1677 2074 1777; x_wconf 89' lang='lat' dir='ltr'>proficiscitur,</span> 
     </span>
     <span class='ocr_line' id='line_1_11' title="bbox 537 1776 2076 1879; baseline 0.002 -27"><span class='ocrx_word' id='word_1_73' title='bbox 537 1779 576 1853; x_wconf 91' lang='lat' dir='ltr'>in</span> <span class='ocrx_word' id='word_1_74' title='bbox 603 1777 820 1879; x_wconf 83' lang='lat' dir='ltr'>exponenda</span> <span class='ocrx_word' id='word_1_75' title='bbox 854 1776 919 1850; x_wconf 92' lang='lat' dir='ltr'>illa</span> <span class='ocrx_word' id='word_1_76' title='bbox 950 1776 1046 1851; x_wconf 85' lang='lat' dir='ltr'>inter</span> <span class='ocrx_word' id='word_1_77' title='bbox 1077 1789 1219 1876; x_wconf 89' lang='lat' dir='ltr'>patrem</span> <span class='ocrx_word' id='word_1_78' title='bbox 1251 1790 1287 1851; x_wconf 94' lang='lat' dir='ltr'>et</span> <span class='ocrx_word' id='word_1_79' title='bbox 1319 1777 1433 1878; x_wconf 84' lang='lat' dir='ltr'>logon</span> <span class='ocrx_word' id='word_1_80' title='bbox 1462 1778 1614 1853; x_wconf 87' lang='lat' dir='ltr'>ratione.</span> <span class='ocrx_word' id='word_1_81' title='bbox 1676 1778 1804 1877; x_wconf 88' lang='lat' dir='ltr'>ltaque</span> <span class='ocrx_word' id='word_1_82' title='bbox 1837 1779 1969 1855; x_wconf 87' lang='lat' dir='ltr'>iisdem</span> <span class='ocrx_word' id='word_1_83' title='bbox 2002 1779 2076 1854; x_wconf 92' lang='lat' dir='ltr'>illis</span> 
     </span>
     <span class='ocr_line' id='line_1_12' title="bbox 538 1878 2075 1982; baseline 0 -27"><span class='ocrx_word' id='word_1_84' title='bbox 538 1881 649 1955; x_wconf 89' lang='lat' dir='ltr'>utitur</span> <span class='ocrx_word' id='word_1_85' title='bbox 672 1878 993 1975; x_wconf 82' lang='lat' dir='ltr'>similitudinibus,</span> <span class='ocrx_word' id='word_1_86' title='bbox 1029 1878 1162 1978; x_wconf 79' lang='lat' dir='ltr'>quibus</span> <span class='ocrx_word' id='word_1_87' title='bbox 1196 1892 1231 1954; x_wconf 91' lang='lat' dir='ltr'>et</span> <span class='ocrx_word' id='word_1_88' title='bbox 1256 1891 1524 1955; x_wconf 85' lang='lat' dir='ltr'>antecessorem</span> <span class='ocrx_word' id='word_1_89' title='bbox 1558 1892 1594 1954; x_wconf 90' lang='lat' dir='ltr'>et</span> <span class='ocrx_word' id='word_1_90' title='bbox 1619 1880 1837 1982; x_wconf 84' lang='lat' dir='ltr'>magistrum</span> <span class='ocrx_word' id='word_1_91' title='bbox 1863 1880 1940 1956; x_wconf 91' lang='lat' dir='ltr'>eius</span> <span class='ocrx_word' id='word_1_92' title='bbox 1967 1909 2075 1957; x_wconf 91' lang='lat' dir='ltr'>usum</span> 
     </span>
     <span class='ocr_line' id='line_1_13' title="bbox 538 1980 2075 2081; baseline 0.001 -24"><span class='ocrx_word' id='word_1_93' title='bbox 538 1982 665 2078; x_wconf 79' lang='lat' dir='ltr'>firisse,</span> <span class='ocrx_word' id='word_1_94' title='bbox 702 2008 812 2081; x_wconf 91' lang='lat' dir='ltr'>supra</span> <span class='ocrx_word' id='word_1_95' title='bbox 836 1980 1215 2056; x_wconf 87' lang='lat' dir='ltr'>commemoravimus.</span> <span class='ocrx_word' id='word_1_96' title='bbox 1275 1982 1372 2056; x_wconf 86' lang='lat' dir='ltr'>Nam</span> <span class='ocrx_word' id='word_1_97' title='bbox 1404 1981 1497 2058; x_wconf 91' lang='lat' dir='ltr'>sicut</span> <span class='ocrx_word' id='word_1_98' title='bbox 1520 1982 1583 2057; x_wconf 84' lang='lat' dir='ltr'>fax</span> <span class='ocrx_word' id='word_1_99' title='bbox 1608 2007 1762 2058; x_wconf 88' lang='lat' dir='ltr'>accensa</span> <span class='ocrx_word' id='word_1_100' title='bbox 1787 1982 1865 2059; x_wconf 87' lang='lat' dir='ltr'>eius</span> <span class='ocrx_word' id='word_1_101' title='bbox 1891 1984 1990 2060; x_wconf 93' lang='lat' dir='ltr'>unde</span> <span class='ocrx_word' id='word_1_102' title='bbox 2015 2009 2075 2059; x_wconf 90' lang='lat' dir='ltr'>ac·</span> 
     </span>
     <span class='ocr_line' id='line_1_14' title="bbox 537 2081 2074 2188; baseline -0.001 -28"><span class='ocrx_word' id='word_1_103' title='bbox 537 2084 702 2161; x_wconf 87' lang='lat' dir='ltr'>cenditur</span> <span class='ocrx_word' id='word_1_104' title='bbox 729 2110 804 2157; x_wconf 93' lang='lat' dir='ltr'>non</span> <span class='ocrx_word' id='word_1_105' title='bbox 830 2081 963 2157; x_wconf 91' lang='lat' dir='ltr'>minuit</span> <span class='ocrx_word' id='word_1_106' title='bbox 983 2081 1190 2178; x_wconf 89' lang='lat' dir='ltr'>flammam,</span> <span class='ocrx_word' id='word_1_107' title='bbox 1225 2082 1276 2157; x_wconf 87' lang='lat' dir='ltr'>ita</span> <span class='ocrx_word' id='word_1_108' title='bbox 1301 2084 1411 2158; x_wconf 90' lang='lat' dir='ltr'>etiam</span> <span class='ocrx_word' id='word_1_109' title='bbox 1437 2098 1541 2185; x_wconf 88' lang='lat' dir='ltr'>pater</span> <span class='ocrx_word' id='word_1_110' title='bbox 1565 2112 1669 2159; x_wconf 90' lang='lat' dir='ltr'>suam</span> <span class='ocrx_word' id='word_1_111' title='bbox 1694 2084 1766 2159; x_wconf 90' lang='lat' dir='ltr'>sibi</span> <span class='ocrx_word' id='word_1_112' title='bbox 1789 2084 1972 2188; x_wconf 87' lang='lat' dir='ltr'>integram</span> <span class='ocrx_word' id='word_1_113' title='bbox 1999 2112 2074 2161; x_wconf 90' lang='lat' dir='ltr'>ser·</span> 
     </span>
     <span class='ocr_line' id='line_1_15' title="bbox 536 2177 2076 2288; baseline 0.001 -28"><span class='ocrx_word' id='word_1_114' title='bbox 536 2177 810 2281; x_wconf 71' lang='grc' dir='ltr'>νοσίθλογικὴν</span> <span class='ocrx_word' id='word_1_115' title='bbox 835 2187 990 2279; x_wconf 79' lang='grc' dir='ltr'><strong><em>δύναμιν</em></strong></span> <span class='ocrx_word' id='word_1_116' title='bbox 993 2242 1007 2277; x_wconf 88' lang='lat'>,</span> <span class='ocrx_word' id='word_1_117' title='bbox 1042 2211 1155 2284; x_wconf 90' lang='lat' dir='ltr'>quum</span> <span class='ocrx_word' id='word_1_118' title='bbox 1182 2186 1289 2287; x_wconf 80' lang='lat' dir='ltr'>logos</span> <span class='ocrx_word' id='word_1_119' title='bbox 1320 2212 1364 2260; x_wconf 83' lang='lat' dir='ltr'>ex</span> <span class='ocrx_word' id='word_1_120' title='bbox 1390 2186 1454 2261; x_wconf 88' lang='lat' dir='ltr'>illa</span> <span class='ocrx_word' id='word_1_121' title='bbox 1483 2186 1654 2287; x_wconf 90' lang='lat' dir='ltr'>prosiluit</span> <span class='ocrx_word' id='word_1_122' title='bbox 1680 2190 1882 2288; x_wconf 76' lang='grc' dir='ltr'><em>(προπηδᾷ)</em></span> <span class='ocrx_word' id='word_1_123' title='bbox 1901 2189 1941 2288; x_wconf 82' lang='lat'>¹).</span> <span class='ocrx_word' id='word_1_124' title='bbox 1994 2188 2076 2263; x_wconf 91' lang='lat' dir='ltr'>Hac</span> 
     </span>
     <span class='ocr_line' id='line_1_16' title="bbox 474 2286 2076 2392; baseline 0.001 -29"><span class='ocrx_word' id='word_1_125' title='bbox 474 2350 482 2370; x_wconf 84' lang='lat'>.</span> <span class='ocrx_word' id='word_1_126' title='bbox 536 2290 635 2363; x_wconf 91' lang='lat' dir='ltr'>euim</span> <span class='ocrx_word' id='word_1_127' title='bbox 668 2314 757 2364; x_wconf 89' lang='lat' dir='ltr'>voce</span> <span class='ocrx_word' id='word_1_128' title='bbox 782 2287 959 2378; x_wconf 76' lang='lat' dir='ltr'>Tatianus</span> <span class='ocrx_word' id='word_1_129' title='bbox 986 2288 1114 2384; x_wconf 90' lang='lat' dir='ltr'>utitur,</span> <span class='ocrx_word' id='word_1_130' title='bbox 1151 2286 1216 2361; x_wconf 92' lang='lat' dir='ltr'>ubi</span> <span class='ocrx_word' id='word_1_131' title='bbox 1239 2286 1408 2362; x_wconf 84' lang='lat' dir='ltr'>Justinus</span> <span class='ocrx_word' id='word_1_132' title='bbox 1442 2302 1482 2362; x_wconf 93' lang='lat' dir='ltr'>ut</span> <span class='ocrx_word' id='word_1_133' title='bbox 1508 2288 1664 2364; x_wconf 88' lang='lat' dir='ltr'>eandem</span> <span class='ocrx_word' id='word_1_134' title='bbox 1690 2317 1768 2366; x_wconf 91' lang='lat' dir='ltr'>rem</span> <span class='ocrx_word' id='word_1_135' title='bbox 1795 2290 1993 2392; x_wconf 83' lang='lat' dir='ltr'>significet,</span> <span class='ocrx_word' id='word_1_136' title='bbox 2029 2289 2076 2365; x_wconf 91' lang='lat' dir='ltr'>de</span> 
     </span>
     <span class='ocr_line' id='line_1_17' title="bbox 536 2389 2074 2494; baseline 0 -28"><span class='ocrx_word' id='word_1_137' title='bbox 536 2390 774 2493; x_wconf 84' lang='lat' dir='ltr'>generatione</span> <span class='ocrx_word' id='word_1_138' title='bbox 814 2403 849 2465; x_wconf 88' lang='lat' dir='ltr'>et</span> <span class='ocrx_word' id='word_1_139' title='bbox 887 2389 1140 2491; x_wconf 87' lang='lat' dir='ltr'>procreatione</span> <span class='ocrx_word' id='word_1_140' title='bbox 1172 2389 1333 2489; x_wconf 88' lang='lat' dir='ltr'>quadam</span> <span class='ocrx_word' id='word_1_141' title='bbox 1372 2391 1552 2491; x_wconf 91' lang='lat' dir='ltr'>loquitur,</span> <span class='ocrx_word' id='word_1_142' title='bbox 1593 2391 1746 2466; x_wconf 90' lang='lat' dir='ltr'>vocibus</span> <span class='ocrx_word' id='word_1_143' title='bbox 1784 2394 2074 2494; x_wconf 75' lang='grc' dir='ltr'><strong><em>προβάλλεσθαι,</em></strong></span> 
     </span>
     <span class='ocr_line' id='line_1_18' title="bbox 537 2491 2075 2595; baseline 0.001 -28"><span class='ocrx_word' id='word_1_144' title='bbox 537 2494 757 2590; x_wconf 75' lang='grc' dir='ltr'><strong><em>γεννᾶσθαι,</em></strong></span> <span class='ocrx_word' id='word_1_145' title='bbox 806 2494 1062 2594; x_wconf 74' lang='grc' dir='ltr'><strong><em>περιέρχεσθαι</em></strong></span> <span class='ocrx_word' id='word_1_146' title='bbox 1107 2519 1205 2567; x_wconf 91' lang='lat' dir='ltr'>usus.</span> <span class='ocrx_word' id='word_1_147' title='bbox 1265 2491 1316 2568; x_wconf 91' lang='lat' dir='ltr'>Ut</span> <span class='ocrx_word' id='word_1_148' title='bbox 1346 2518 1434 2568; x_wconf 87' lang='lat' dir='ltr'>vero</span> <span class='ocrx_word' id='word_1_149' title='bbox 1466 2492 1714 2594; x_wconf 85' lang='lat' dir='ltr'>integritatem</span> <span class='ocrx_word' id='word_1_150' title='bbox 1743 2496 1877 2595; x_wconf 89' lang='lat' dir='ltr'>patris,</span> <span class='ocrx_word' id='word_1_151' title='bbox 1917 2495 2004 2595; x_wconf 90' lang='lat' dir='ltr'>quia</span> <span class='ocrx_word' id='word_1_152' title='bbox 2035 2495 2075 2569; x_wconf 90' lang='lat' dir='ltr'>in</span> 
     </span>
     <span class='ocr_line' id='line_1_19' title="bbox 537 2593 2073 2698; baseline 0 -27"><span class='ocrx_word' id='word_1_153' title='bbox 537 2598 619 2698; x_wconf 89' lang='lat' dir='ltr'>ipsa</span> <span class='ocrx_word' id='word_1_154' title='bbox 641 2623 681 2672; x_wconf 93' lang='lat' dir='ltr'>re</span> <span class='ocrx_word' id='word_1_155' title='bbox 707 2621 791 2672; x_wconf 89' lang='lat' dir='ltr'>cunr</span> <span class='ocrx_word' id='word_1_156' title='bbox 815 2593 962 2671; x_wconf 82' lang='lat' dir='ltr'>Justino</span> <span class='ocrx_word' id='word_1_157' title='bbox 997 2595 1195 2691; x_wconf 78' lang='lat' dir='ltr'>consentit,</span> <span class='ocrx_word' id='word_1_158' title='bbox 1231 2610 1329 2671; x_wconf 87' lang='lat' dir='ltr'>certe</span> <span class='ocrx_word' id='word_1_159' title='bbox 1352 2594 1435 2669; x_wconf 91' lang='lat' dir='ltr'>aliis</span> <span class='ocrx_word' id='word_1_160' title='bbox 1460 2608 1569 2696; x_wconf 87' lang='lat' dir='ltr'>atque</span> <span class='ocrx_word' id='word_1_161' title='bbox 1592 2595 1654 2671; x_wconf 93' lang='lat' dir='ltr'>ille</span> <span class='ocrx_word' id='word_1_162' title='bbox 1678 2595 1826 2672; x_wconf 86' lang='lat' dir='ltr'>denotet</span> <span class='ocrx_word' id='word_1_163' title='bbox 1850 2598 2073 2684; x_wconf 85' lang='lat' dir='ltr'>notionibus,</span> 
     </span>
     <span class='ocr_line' id='line_1_20' title="bbox 537 2697 2076 2801; baseline 0 -28"><span class='ocrx_word' id='word_1_164' title='bbox 537 2700 651 2801; x_wconf 80' lang='lat' dir='ltr'>logon</span> <span class='ocrx_word' id='word_1_165' title='bbox 695 2724 761 2798; x_wconf 93' lang='lat' dir='ltr'>per</span> <span class='ocrx_word' id='word_1_166' title='bbox 794 2697 1112 2799; x_wconf 87' lang='lat' dir='ltr'>participationem</span> <span class='ocrx_word' id='word_1_167' title='bbox 1150 2703 1257 2793; x_wconf 79' lang='grc' dir='ltr'><strong>(κατὰ</strong></span> <span class='ocrx_word' id='word_1_168' title='bbox 1284 2703 1481 2797; x_wconf 78' lang='grc' dir='ltr'><strong><em>μερισμόν)</em></strong></span> <span class='ocrx_word' id='word_1_169' title='bbox 1522 2725 1599 2772; x_wconf 94' lang='lat' dir='ltr'>non</span> <span class='ocrx_word' id='word_1_170' title='bbox 1642 2725 1708 2799; x_wconf 91' lang='lat' dir='ltr'>per</span> <span class='ocrx_word' id='word_1_171' title='bbox 1736 2700 1977 2775; x_wconf 88' lang='lat' dir='ltr'>resectionem</span> <span class='ocrx_word' id='word_1_172' title='bbox 2017 2700 2076 2795; x_wconf 76' lang='lat' dir='ltr'>(od</span> 
     </span>
     <span class='ocr_line' id='line_1_21' title="bbox 536 2798 2074 2902; baseline 0.001 -26"><span class='ocrx_word' id='word_1_173' title='bbox 536 2809 627 2876; x_wconf 78' lang='grc' dir='ltr'><strong><em>κατὰ</em></strong></span> <span class='ocrx_word' id='word_1_174' title='bbox 660 2799 862 2895; x_wconf 75' lang='grc' dir='ltr'><strong><em>ἅποκοπήν)</em></strong></span> <span class='ocrx_word' id='word_1_175' title='bbox 893 2815 1020 2875; x_wconf 89' lang='lat' dir='ltr'>natum</span> <span class='ocrx_word' id='word_1_176' title='bbox 1047 2826 1127 2875; x_wconf 92' lang='lat' dir='ltr'>esse</span> <span class='ocrx_word' id='word_1_177' title='bbox 1157 2798 1282 2894; x_wconf 90' lang='lat' dir='ltr'>docet,</span> <span class='ocrx_word' id='word_1_178' title='bbox 1318 2826 1431 2899; x_wconf 90' lang='lat' dir='ltr'>quum</span> <span class='ocrx_word' id='word_1_179' title='bbox 1465 2798 1565 2899; x_wconf 93' lang='lat' dir='ltr'>quod</span> <span class='ocrx_word' id='word_1_180' title='bbox 1595 2813 1775 2875; x_wconf 89' lang='lat' dir='ltr'>resectum</span> <span class='ocrx_word' id='word_1_181' title='bbox 1802 2802 1864 2898; x_wconf 91' lang='lat' dir='ltr'>sit,</span> <span class='ocrx_word' id='word_1_182' title='bbox 1900 2829 1923 2876; x_wconf 91' lang='lat' dir='ltr'>a</span> <span class='ocrx_word' id='word_1_183' title='bbox 1954 2802 2074 2902; x_wconf 89' lang='lat' dir='ltr'>primo</span> 
     </span>
     <span class='ocr_line' id='line_1_22' title="bbox 538 2900 2074 3005; baseline -0.002 -25"><span class='ocrx_word' id='word_1_184' title='bbox 538 2918 735 3005; x_wconf 87' lang='lat' dir='ltr'>separetur,</span> <span class='ocrx_word' id='word_1_185' title='bbox 761 2902 970 3002; x_wconf 88' lang='lat' dir='ltr'>quodvero</span> <span class='ocrx_word' id='word_1_186' title='bbox 996 2900 1177 3002; x_wconf 86' lang='lat' dir='ltr'>particeps</span> <span class='ocrx_word' id='word_1_187' title='bbox 1203 2901 1342 2985; x_wconf 84' lang='lat' dir='ltr'>factum</span> <span class='ocrx_word' id='word_1_188' title='bbox 1368 2901 1424 2998; x_wconf 86' lang='lat' dir='ltr'>sit,</span> <span class='ocrx_word' id='word_1_189' title='bbox 1451 2907 1613 2977; x_wconf 80' lang='lat' dir='ltr'>assumta</span> <span class='ocrx_word' id='word_1_190' title='bbox 1629 2903 1866 2979; x_wconf 88' lang='lat' dir='ltr'>oeconomiae</span> <span class='ocrx_word' id='word_1_191' title='bbox 1889 2903 2074 3001; x_wconf 87' lang='lat' dir='ltr'>electione,</span> 
     </span>
     <span class='ocr_line' id='line_1_23' title="bbox 497 3001 2076 3107; baseline -0.001 -26"><span class='ocrx_word' id='word_1_192' title='bbox 497 3060 502 3071; x_wconf 85' lang='lat'>-</span> <span class='ocrx_word' id='word_1_193' title='bbox 537 3033 613 3082; x_wconf 91' lang='lat' dir='ltr'>non</span> <span class='ocrx_word' id='word_1_194' title='bbox 654 3031 813 3107; x_wconf 83' lang='lat' dir='ltr'>egenum</span> <span class='ocrx_word' id='word_1_195' title='bbox 847 3004 976 3080; x_wconf 87' lang='lat' dir='ltr'>reddat</span> <span class='ocrx_word' id='word_1_196' title='bbox 1010 3031 1094 3077; x_wconf 87' lang='lat' dir='ltr'>eum</span> <span class='ocrx_word' id='word_1_197' title='bbox 1127 3029 1173 3078; x_wconf 84' lang='lat' dir='ltr'>ex</span> <span class='ocrx_word' id='word_1_198' title='bbox 1208 3030 1280 3102; x_wconf 91' lang='lat' dir='ltr'>qno</span> <span class='ocrx_word' id='word_1_199' title='bbox 1314 3002 1522 3078; x_wconf 91' lang='lat' dir='ltr'>desumtum</span> <span class='ocrx_word' id='word_1_200' title='bbox 1560 3001 1662 3104; x_wconf 80' lang='lat' dir='ltr'>sit2).</span> <span class='ocrx_word' id='word_1_201' title='bbox 1732 3004 1860 3105; x_wconf 86' lang='lat' dir='ltr'>Itaque</span> <span class='ocrx_word' id='word_1_202' title='bbox 1898 3023 2076 3105; x_wconf 88' lang='lat' dir='ltr'>quatenus</span> 
     </span>
     <span class='ocr_line' id='line_1_24' title="bbox 537 3106 2075 3210; baseline -0.001 -27"><span class='ocrx_word' id='word_1_203' title='bbox 537 3110 644 3210; x_wconf 84' lang='lat' dir='ltr'>logos</span> <span class='ocrx_word' id='word_1_204' title='bbox 678 3106 844 3182; x_wconf 91' lang='lat' dir='ltr'>nondum</span> <span class='ocrx_word' id='word_1_205' title='bbox 874 3106 1062 3207; x_wconf 83' lang='lat' dir='ltr'>prodierat</span> <span class='ocrx_word' id='word_1_206' title='bbox 1102 3119 1137 3180; x_wconf 90' lang='lat' dir='ltr'>et</span> <span class='ocrx_word' id='word_1_207' title='bbox 1172 3106 1332 3180; x_wconf 90' lang='lat' dir='ltr'>mundus</span> <span class='ocrx_word' id='word_1_208' title='bbox 1367 3106 1534 3181; x_wconf 92' lang='lat' dir='ltr'>nondum</span> <span class='ocrx_word' id='word_1_209' title='bbox 1567 3114 1651 3183; x_wconf 75' lang='lat' dir='ltr'>actu</span> <span class='ocrx_word' id='word_1_210' title='bbox 1693 3121 1771 3182; x_wconf 90' lang='lat' dir='ltr'>erat</span> <span class='ocrx_word' id='word_1_211' title='bbox 1810 3121 1911 3183; x_wconf 86' lang='lat' dir='ltr'>extra</span> <span class='ocrx_word' id='word_1_212' title='bbox 1944 3108 2075 3208; x_wconf 88' lang='lat' dir='ltr'>ipsum,</span> 
     </span>
     <span class='ocr_line' id='line_1_25' title="bbox 537 3207 2075 3310; baseline -0.001 -24"><span class='ocrx_word' id='word_1_213' title='bbox 537 3212 648 3307; x_wconf 89' lang='lat' dir='ltr'>Deus,</span> <span class='ocrx_word' id='word_1_214' title='bbox 676 3209 868 3291; x_wconf 75' lang='grc' dir='ltr'><strong><em>ὑπόστασις</em></strong></span> <span class='ocrx_word' id='word_1_215' title='bbox 892 3208 1064 3302; x_wconf 83' lang='lat' dir='ltr'>universi,</span> <span class='ocrx_word' id='word_1_216' title='bbox 1092 3208 1169 3283; x_wconf 91' lang='lat' dir='ltr'>sive</span> <span class='ocrx_word' id='word_1_217' title='bbox 1195 3207 1226 3281; x_wconf 93' lang='lat' dir='ltr'>is</span> <span class='ocrx_word' id='word_1_218' title='bbox 1250 3234 1317 3310; x_wconf 89' lang='lat' dir='ltr'>per</span> <span class='ocrx_word' id='word_1_219' title='bbox 1341 3235 1450 3308; x_wconf 89' lang='lat' dir='ltr'>quem</span> <span class='ocrx_word' id='word_1_220' title='bbox 1476 3208 1602 3284; x_wconf 89' lang='lat' dir='ltr'>omnia</span> <span class='ocrx_word' id='word_1_221' title='bbox 1627 3209 1838 3304; x_wconf 90' lang='lat' dir='ltr'>subsistunt,</span> <span class='ocrx_word' id='word_1_222' title='bbox 1864 3210 1962 3284; x_wconf 89' lang='lat' dir='ltr'>solus</span> <span class='ocrx_word' id='word_1_223' title='bbox 1989 3226 2075 3307; x_wconf 86' lang='lat' dir='ltr'>erat,</span> 
     </span>
     <span class='ocr_line' id='line_1_26' title="bbox 538 3309 2077 3412; baseline 0 -25"><span class='ocrx_word' id='word_1_224' title='bbox 538 3329 716 3412; x_wconf 88' lang='lat' dir='ltr'>quatenus</span> <span class='ocrx_word' id='word_1_225' title='bbox 740 3326 862 3386; x_wconf 86' lang='lat' dir='ltr'>autem</span> <span class='ocrx_word' id='word_1_226' title='bbox 888 3312 998 3408; x_wconf 90' lang='lat' dir='ltr'>Deus,</span> <span class='ocrx_word' id='word_1_227' title='bbox 1026 3309 1084 3385; x_wconf 88' lang='lat' dir='ltr'>cui</span> <span class='ocrx_word' id='word_1_228' title='bbox 1108 3310 1229 3384; x_wconf 90' lang='lat' dir='ltr'>omnis</span> <span class='ocrx_word' id='word_1_229' title='bbox 1252 3311 1417 3411; x_wconf 87' lang='lat' dir='ltr'>potentia</span> <span class='ocrx_word' id='word_1_230' title='bbox 1441 3325 1505 3406; x_wconf 88' lang='lat' dir='ltr'>est,</span> <span class='ocrx_word' id='word_1_231' title='bbox 1537 3337 1665 3386; x_wconf 91' lang='lat' dir='ltr'>omnes</span> <span class='ocrx_word' id='word_1_232' title='bbox 1688 3338 1745 3386; x_wconf 92' lang='lat' dir='ltr'>res</span> <span class='ocrx_word' id='word_1_233' title='bbox 1771 3311 1935 3388; x_wconf 89' lang='lat' dir='ltr'>visibiles</span> <span class='ocrx_word' id='word_1_234' title='bbox 1961 3325 1996 3387; x_wconf 92' lang='lat' dir='ltr'>et</span> <span class='ocrx_word' id='word_1_235' title='bbox 2020 3312 2077 3387; x_wconf 91' lang='lat' dir='ltr'>in·</span> 
     </span>
     <span class='ocr_line' id='line_1_27' title="bbox 537 3411 2078 3513; baseline -0.001 -24"><span class='ocrx_word' id='word_1_236' title='bbox 537 3415 701 3490; x_wconf 90' lang='lat' dir='ltr'>visibiles</span> <span class='ocrx_word' id='word_1_237' title='bbox 725 3414 765 3488; x_wconf 90' lang='lat' dir='ltr'>in</span> <span class='ocrx_word' id='word_1_238' title='bbox 792 3441 831 3489; x_wconf 92' lang='lat' dir='ltr'>se</span> <span class='ocrx_word' id='word_1_239' title='bbox 857 3413 1175 3513; x_wconf 85' lang='lat' dir='ltr'>complectebatur,</span> <span class='ocrx_word' id='word_1_240' title='bbox 1202 3411 1436 3513; x_wconf 89' lang='lat' dir='ltr'>mundusque</span> <span class='ocrx_word' id='word_1_241' title='bbox 1459 3438 1535 3487; x_wconf 90' lang='lat' dir='ltr'>una</span> <span class='ocrx_word' id='word_1_242' title='bbox 1561 3438 1641 3487; x_wconf 90' lang='lat' dir='ltr'>cum</span> <span class='ocrx_word' id='word_1_243' title='bbox 1665 3441 1709 3489; x_wconf 91' lang='lat' dir='ltr'>eo</span> <span class='ocrx_word' id='word_1_244' title='bbox 1733 3426 1811 3488; x_wconf 89' lang='lat' dir='ltr'>erat</span> <span class='ocrx_word' id='word_1_245' title='bbox 1833 3414 2078 3513; x_wconf 86' lang='lat' dir='ltr'>potentialiter</span> 
     </span>
     <span class='ocr_line' id='line_1_28' title="bbox 537 3514 2075 3618; baseline 0.001 -28"><span class='ocrx_word' id='word_1_246' title='bbox 537 3545 604 3618; x_wconf 86' lang='lat' dir='ltr'>per</span> <span class='ocrx_word' id='word_1_247' title='bbox 638 3517 741 3590; x_wconf 91' lang='lat' dir='ltr'>illam</span> <span class='ocrx_word' id='word_1_248' title='bbox 774 3515 991 3590; x_wconf 89' lang='lat' dir='ltr'>rationalem</span> <span class='ocrx_word' id='word_1_249' title='bbox 1024 3514 1225 3615; x_wconf 73' lang='lat' dir='ltr'>potentiam</span> <span class='ocrx_word' id='word_1_250' title='bbox 1260 3520 1425 3611; x_wconf 78' lang='grc' dir='ltr'>(λογικὴν</span> <span class='ocrx_word' id='word_1_251' title='bbox 1458 3518 1627 3612; x_wconf 76' lang='grc' dir='ltr'>δύναμιν)</span> <span class='ocrx_word' id='word_1_252' title='bbox 1669 3541 1763 3614; x_wconf 90' lang='lat' dir='ltr'>quae</span> <span class='ocrx_word' id='word_1_253' title='bbox 1792 3515 1832 3589; x_wconf 92' lang='lat' dir='ltr'>in</span> <span class='ocrx_word' id='word_1_254' title='bbox 1867 3516 1948 3617; x_wconf 91' lang='lat' dir='ltr'>ipso</span> <span class='ocrx_word' id='word_1_255' title='bbox 1981 3533 2075 3613; x_wconf 78' lang='lat' dir='ltr'>erat3</span> 
     </span>
     <span class='ocr_line' id='line_1_29' title="bbox 537 3615 1376 3720; baseline 0 -28"><span class='ocrx_word' id='word_1_256' title='bbox 537 3646 603 3720; x_wconf 91' lang='lat' dir='ltr'>per</span> <span class='ocrx_word' id='word_1_257' title='bbox 630 3644 740 3717; x_wconf 88' lang='lat' dir='ltr'>quam</span> <span class='ocrx_word' id='word_1_258' title='bbox 768 3630 803 3691; x_wconf 93' lang='lat' dir='ltr'>et</span> <span class='ocrx_word' id='word_1_259' title='bbox 828 3616 907 3717; x_wconf 88' lang='lat' dir='ltr'>ipse</span> <span class='ocrx_word' id='word_1_260' title='bbox 931 3617 1037 3717; x_wconf 82' lang='lat' dir='ltr'>logos</span> <span class='ocrx_word' id='word_1_261' title='bbox 1059 3615 1099 3689; x_wconf 88' lang='lat' dir='ltr'>in</span> <span class='ocrx_word' id='word_1_262' title='bbox 1123 3615 1203 3691; x_wconf 92' lang='lat' dir='ltr'>Deo</span> <span class='ocrx_word' id='word_1_263' title='bbox 1230 3618 1376 3692; x_wconf 82' lang='lat' dir='ltr'>exstitit.</span> 
     </span>
    </p>

    <p class='ocr_par' dir='ltr' id='par_1_5' title="bbox 639 3717 2077 3820">
     <span class='ocr_line' id='line_1_30' title="bbox 639 3717 2077 3820; baseline -0.001 -26"><span class='ocrx_word' id='word_1_264' title='bbox 639 3721 683 3795; x_wconf 92' lang='lat' dir='ltr'>ln</span> <span class='ocrx_word' id='word_1_265' title='bbox 710 3719 844 3820; x_wconf 90' lang='lat' dir='ltr'>quibus</span> <span class='ocrx_word' id='word_1_266' title='bbox 871 3717 1060 3793; x_wconf 89' lang='lat' dir='ltr'>sententiis</span> <span class='ocrx_word' id='word_1_267' title='bbox 1087 3718 1286 3793; x_wconf 86' lang='lat' dir='ltr'>Tatianum</span> <span class='ocrx_word' id='word_1_268' title='bbox 1312 3733 1348 3795; x_wconf 88' lang='lat' dir='ltr'>et</span> <span class='ocrx_word' id='word_1_269' title='bbox 1371 3744 1529 3819; x_wconf 92' lang='lat' dir='ltr'>quocum</span> <span class='ocrx_word' id='word_1_270' title='bbox 1564 3719 1745 3796; x_wconf 88' lang='lat' dir='ltr'>consentit</span> <span class='ocrx_word' id='word_1_271' title='bbox 1765 3718 1963 3816; x_wconf 82' lang='lat' dir='ltr'>Justinum,</span> <span class='ocrx_word' id='word_1_272' title='bbox 1990 3746 2077 3793; x_wconf 87' lang='lat' dir='ltr'>ean-</span> 
     </span>
    </p>
   </div>
   <div class='ocr_carea' id='block_1_3' title="bbox 514 3820 2077 4230">
    <p class='ocr_par' dir='ltr' id='par_1_6' title="bbox 514 3820 2077 4230">
     <span class='ocr_line' id='line_1_31' title="bbox 536 3820 2077 3922; baseline -0.002 -24"><span class='ocrx_word' id='word_1_273' title='bbox 536 3824 620 3900; x_wconf 91' lang='lat' dir='ltr'>dem</span> <span class='ocrx_word' id='word_1_274' title='bbox 647 3822 827 3897; x_wconf 91' lang='lat' dir='ltr'>rationem</span> <span class='ocrx_word' id='word_1_275' title='bbox 845 3821 1024 3921; x_wconf 88' lang='lat' dir='ltr'>attingere</span> <span class='ocrx_word' id='word_1_276' title='bbox 1047 3834 1084 3895; x_wconf 88' lang='lat' dir='ltr'>et</span> <span class='ocrx_word' id='word_1_277' title='bbox 1108 3820 1312 3921; x_wconf 86' lang='lat' dir='ltr'>exprimere</span> <span class='ocrx_word' id='word_1_278' title='bbox 1330 3820 1508 3918; x_wconf 89' lang='lat' dir='ltr'>videmus,</span> <span class='ocrx_word' id='word_1_279' title='bbox 1536 3849 1647 3921; x_wconf 90' lang='lat' dir='ltr'>quam</span> <span class='ocrx_word' id='word_1_280' title='bbox 1669 3821 1928 3922; x_wconf 85' lang='lat' dir='ltr'>Theophilum,</span> <span class='ocrx_word' id='word_1_281' title='bbox 1955 3821 2019 3920; x_wconf 85' lang='lat' dir='ltr'>qui</span> <span class='ocrx_word' id='word_1_282' title='bbox 2042 3838 2077 3897; x_wconf 92' lang='lat' dir='ltr'>et</span> 
     </span>
     <span class='ocr_line' id='line_1_32' title="bbox 537 3919 2077 4026; baseline -0.001 -26"><span class='ocrx_word' id='word_1_283' title='bbox 537 3926 616 4026; x_wconf 89' lang='lat' dir='ltr'>ipse</span> <span class='ocrx_word' id='word_1_284' title='bbox 655 3925 695 3998; x_wconf 90' lang='lat' dir='ltr'>in</span> <span class='ocrx_word' id='word_1_285' title='bbox 729 3919 874 3998; x_wconf 89' lang='lat' dir='ltr'>horum</span> <span class='ocrx_word' id='word_1_286' title='bbox 898 3922 1061 3997; x_wconf 89' lang='lat' dir='ltr'>virorum</span> <span class='ocrx_word' id='word_1_287' title='bbox 1104 3922 1151 3995; x_wconf 89' lang='lat' dir='ltr'>ab</span> <span class='ocrx_word' id='word_1_288' title='bbox 1188 3923 1432 3998; x_wconf 90' lang='lat' dir='ltr'>emanationis</span> <span class='ocrx_word' id='word_1_289' title='bbox 1464 3924 1607 4000; x_wconf 90' lang='lat' dir='ltr'>ratione</span> <span class='ocrx_word' id='word_1_290' title='bbox 1643 3925 1888 4024; x_wconf 87' lang='lat' dir='ltr'>profectorum</span> <span class='ocrx_word' id='word_1_291' title='bbox 1924 3950 2077 3999; x_wconf 92' lang='lat' dir='ltr'>numero</span> 
     </span>
     <span class='ocr_line' id='line_1_33' title="bbox 536 4023 2077 4127; baseline -0.003 -25"><span class='ocrx_word' id='word_1_292' title='bbox 536 4026 730 4102; x_wconf 89' lang='lat' dir='ltr'>habendus</span> <span class='ocrx_word' id='word_1_293' title='bbox 753 4038 817 4101; x_wconf 86' lang='lat' dir='ltr'>est</span> <span class='ocrx_word' id='word_1_294' title='bbox 879 4023 935 4100; x_wconf 89' lang='lat' dir='ltr'>Ita</span> <span class='ocrx_word' id='word_1_295' title='bbox 964 4024 1063 4099; x_wconf 88' lang='lat' dir='ltr'>enim</span> <span class='ocrx_word' id='word_1_296' title='bbox 1094 4023 1196 4099; x_wconf 92' lang='lat' dir='ltr'>illam</span> <span class='ocrx_word' id='word_1_297' title='bbox 1220 4026 1326 4100; x_wconf 89' lang='lat' dir='ltr'>verbi</span> <span class='ocrx_word' id='word_1_298' title='bbox 1357 4027 1650 4127; x_wconf 87' lang='lat' dir='ltr'>procreationem</span> <span class='ocrx_word' id='word_1_299' title='bbox 1681 4024 1811 4100; x_wconf 91' lang='lat' dir='ltr'>iisdem</span> <span class='ocrx_word' id='word_1_300' title='bbox 1846 4025 1923 4100; x_wconf 87' lang='lat' dir='ltr'>fere</span> <span class='ocrx_word' id='word_1_301' title='bbox 1944 4024 2077 4124; x_wconf 84' lang='lat' dir='ltr'>quibus</span> 
     </span>
     <span class='ocr_line' id='line_1_34' title="bbox 514 4126 2076 4230; baseline -0.001 -27"><span class='ocrx_word' id='word_1_302' title='bbox 514 4176 516 4183; x_wconf 93' lang='lat'>·</span> <span class='ocrx_word' id='word_1_303' title='bbox 538 4129 649 4205; x_wconf 88' lang='lat' dir='ltr'>ceteri</span> <span class='ocrx_word' id='word_1_304' title='bbox 673 4129 889 4230; x_wconf 85' lang='lat' dir='ltr'>apologetae</span> <span class='ocrx_word' id='word_1_305' title='bbox 914 4153 1002 4202; x_wconf 93' lang='lat' dir='ltr'>usus</span> <span class='ocrx_word' id='word_1_306' title='bbox 1028 4126 1150 4202; x_wconf 87' lang='lat' dir='ltr'>verbis</span> <span class='ocrx_word' id='word_1_307' title='bbox 1184 4126 1466 4203; x_wconf 88' lang='lat' dir='ltr'>circumscribit:</span> <span class='ocrx_word' id='word_1_308' title='bbox 1510 4128 1636 4228; x_wconf 86' lang='lat' dir='ltr'>Logos</span> <span class='ocrx_word' id='word_1_309' title='bbox 1662 4153 1807 4227; x_wconf 90' lang='lat' dir='ltr'>semper</span> <span class='ocrx_word' id='word_1_310' title='bbox 1837 4126 1972 4202; x_wconf 83' lang='lat' dir='ltr'>exstitit</span> <span class='ocrx_word' id='word_1_311' title='bbox 1997 4152 2076 4201; x_wconf 86' lang='lat' dir='ltr'>cor·-</span> 
     </span>
    </p>
   </div>
   <div class='ocr_carea' id='block_1_4' title="bbox 538 4346 2077 5107">
    <p class='ocr_par' dir='ltr' id='par_1_7' title="bbox 648 4346 1578 4430">
     <span class='ocr_line' id='line_1_35' title="bbox 648 4346 1578 4430; baseline 0.002 -21"><span class='ocrx_word' id='word_1_312' title='bbox 648 4350 681 4430; x_wconf 88' lang='lat'>1)</span> <span class='ocrx_word' id='word_1_313' title='bbox 705 4349 758 4411; x_wconf 86' lang='lat' dir='ltr'>Or.</span> <span class='ocrx_word' id='word_1_314' title='bbox 781 4373 805 4411; x_wconf 84' lang='lat' dir='ltr'>c.</span> <span class='ocrx_word' id='word_1_315' title='bbox 830 4350 882 4412; x_wconf 87' lang='lat' dir='ltr'>Gr.</span> <span class='ocrx_word' id='word_1_316' title='bbox 912 4371 937 4411; x_wconf 90' lang='lat' dir='ltr'>c.</span> <span class='ocrx_word' id='word_1_317' title='bbox 960 4352 978 4410; x_wconf 84' lang='lat'>5</span> <span class='ocrx_word' id='word_1_318' title='bbox 1003 4347 1050 4408; x_wconf 91' lang='lat' dir='ltr'>ed.</span> <span class='ocrx_word' id='word_1_319' title='bbox 1074 4346 1162 4422; x_wconf 78' lang='lat' dir='ltr'>Ott03</span> <span class='ocrx_word' id='word_1_320' title='bbox 1190 4369 1219 4427; x_wconf 91' lang='lat' dir='ltr'>p.</span> <span class='ocrx_word' id='word_1_321' title='bbox 1244 4348 1479 4410; x_wconf 70' lang='lat' dir='ltr'>manased.</span> <span class='ocrx_word' id='word_1_322' title='bbox 1503 4350 1578 4413; x_wconf 85' lang='lat' dir='ltr'>Mor.</span> 
     </span>
    </p>

    <p class='ocr_par' dir='ltr' id='par_1_8' title="bbox 538 4431 2077 5107">
     <span class='ocr_line' id='line_1_36' title="bbox 648 4431 2075 4521; baseline -0.001 -24"><span class='ocrx_word' id='word_1_323' title='bbox 648 4438 681 4515; x_wconf 77' lang='lat'>2)</span> <span class='ocrx_word' id='word_1_324' title='bbox 705 4437 735 4501; x_wconf 77' lang='grc' dir='ltr'>τὸ</span> <span class='ocrx_word' id='word_1_325' title='bbox 758 4437 817 4521; x_wconf 72' lang='grc' dir='ltr'>γὰρ</span> <span class='ocrx_word' id='word_1_326' title='bbox 836 4436 1008 4516; x_wconf 71' lang='grc' dir='ltr'><em>ἀποτμηθὲν</em></span> <span class='ocrx_word' id='word_1_327' title='bbox 1030 4437 1079 4495; x_wconf 75' lang='grc' dir='ltr'>σοῦ</span> <span class='ocrx_word' id='word_1_328' title='bbox 1101 4434 1218 4514; x_wconf 78' lang='grc' dir='ltr'><strong><em>πρώτου</em></strong></span> <span class='ocrx_word' id='word_1_329' title='bbox 1237 4434 1419 4515; x_wconf 74' lang='grc' dir='ltr'>κεχώρισιω,</span> <span class='ocrx_word' id='word_1_330' title='bbox 1443 4435 1474 4499; x_wconf 77' lang='grc' dir='ltr'>τὸ</span> <span class='ocrx_word' id='word_1_331' title='bbox 1496 4433 1529 4497; x_wconf 79' lang='grc' dir='ltr'>δὲ</span> <span class='ocrx_word' id='word_1_332' title='bbox 1549 4440 1693 4519; x_wconf 63' lang='grc' dir='ltr'>μερισθὲν</span> <span class='ocrx_word' id='word_1_333' title='bbox 1712 4436 1883 4513; x_wconf 71' lang='grc' dir='ltr'><strong><em>οἰκονομίας</em></strong></span> <span class='ocrx_word' id='word_1_334' title='bbox 1897 4431 1944 4511; x_wconf 75' lang='grc' dir='ltr'>τὴν</span> <span class='ocrx_word' id='word_1_335' title='bbox 1965 4438 2075 4514; x_wconf 62' lang='grc' dir='ltr'>οὔρεσιν</span> 
     </span>
     <span class='ocr_line' id='line_1_37' title="bbox 538 4520 2076 4606; baseline -0.003 -22"><span class='ocrx_word' id='word_1_336' title='bbox 538 4524 706 4604; x_wconf 63' lang='lat' dir='ltr'>apori-udde</span> <span class='ocrx_word' id='word_1_337' title='bbox 735 4522 788 4586; x_wconf 77' lang='grc' dir='ltr'>οὔκ</span> <span class='ocrx_word' id='word_1_338' title='bbox 816 4522 900 4586; x_wconf 73' lang='grc' dir='ltr'><strong><em>ἐνδεᾶ</em></strong></span> <span class='ocrx_word' id='word_1_339' title='bbox 929 4522 978 4584; x_wconf 81' lang='grc' dir='ltr'>τὸν</span> <span class='ocrx_word' id='word_1_340' title='bbox 1005 4522 1079 4583; x_wconf 75' lang='grc' dir='ltr'><strong><em>ὅθεν</em></strong></span> <span class='ocrx_word' id='word_1_341' title='bbox 1108 4523 1236 4598; x_wconf 70' lang='grc' dir='ltr'>εἴληπται</span> <span class='ocrx_word' id='word_1_342' title='bbox 1267 4529 1426 4599; x_wconf 72' lang='grc' dir='ltr'><strong><em>πεποίηκεν.</em></strong></span> <span class='ocrx_word' id='word_1_343' title='bbox 1478 4527 1545 4584; x_wconf 77' lang='lat' dir='ltr'>ab</span> <span class='ocrx_word' id='word_1_344' title='bbox 1575 4546 1605 4606; x_wconf 91' lang='lat' dir='ltr'>p.</span> <span class='ocrx_word' id='word_1_345' title='bbox 1631 4527 1690 4586; x_wconf 80' lang='lat'>145</span> <span class='ocrx_word' id='word_1_346' title='bbox 1704 4524 1739 4583; x_wconf 91' lang='lat' dir='ltr'>B.</span> <span class='ocrx_word' id='word_1_347' title='bbox 1762 4522 1903 4583; x_wconf 85' lang='lat' dir='ltr'>&#39;Vidasis</span> <span class='ocrx_word' id='word_1_348' title='bbox 1937 4541 2015 4602; x_wconf 85' lang='lat' dir='ltr'>quas</span> <span class='ocrx_word' id='word_1_349' title='bbox 2037 4520 2076 4580; x_wconf 86' lang='lat' dir='ltr'>ad</span> 
     </span>
     <span class='ocr_line' id='line_1_38' title="bbox 539 4603 2076 4691; baseline -0.004 -20"><span class='ocrx_word' id='word_1_350' title='bbox 539 4611 625 4671; x_wconf 83' lang='lat' dir='ltr'>huius</span> <span class='ocrx_word' id='word_1_351' title='bbox 653 4612 710 4671; x_wconf 87' lang='lat' dir='ltr'>loci</span> <span class='ocrx_word' id='word_1_352' title='bbox 740 4612 928 4672; x_wconf 83' lang='lat' dir='ltr'>difficultates</span> <span class='ocrx_word' id='word_1_353' title='bbox 958 4603 1158 4669; x_wconf 80' lang='lat' dir='ltr'>enucleandas</span> <span class='ocrx_word' id='word_1_354' title='bbox 1182 4610 1359 4669; x_wconf 82' lang='lat' dir='ltr'>attulerunt:</span> <span class='ocrx_word' id='word_1_355' title='bbox 1390 4608 1477 4670; x_wconf 88' lang='lat' dir='ltr'>Otto:</span> <span class='ocrx_word' id='word_1_356' title='bbox 1506 4611 1565 4672; x_wconf 87' lang='lat' dir='ltr'>Ed.</span> <span class='ocrx_word' id='word_1_357' title='bbox 1587 4612 1688 4691; x_wconf 86' lang='lat' dir='ltr'>Apoll.</span> <span class='ocrx_word' id='word_1_358' title='bbox 1712 4623 1783 4669; x_wconf 85' lang='lat' dir='ltr'>torn.</span> <span class='ocrx_word' id='word_1_359' title='bbox 1803 4608 1865 4681; x_wconf 84' lang='lat' dir='ltr'>VI,</span> <span class='ocrx_word' id='word_1_360' title='bbox 1895 4628 1925 4687; x_wconf 91' lang='lat' dir='ltr'>p.</span> <span class='ocrx_word' id='word_1_361' title='bbox 1948 4610 1989 4668; x_wconf 75' lang='lat'>24</span> <span class='ocrx_word' id='word_1_362' title='bbox 2012 4628 2076 4688; x_wconf 83' lang='lat' dir='ltr'>sqq.</span> 
     </span>
     <span class='ocr_line' id='line_1_39' title="bbox 538 4694 2076 4780; baseline -0.003 -22"><span class='ocrx_word' id='word_1_363' title='bbox 538 4697 648 4758; x_wconf 86' lang='lat' dir='ltr'>Daniel</span> <span class='ocrx_word' id='word_1_364' title='bbox 672 4698 691 4758; x_wconf 87' lang='lat' dir='ltr'>l.</span> <span class='ocrx_word' id='word_1_365' title='bbox 714 4699 732 4758; x_wconf 95' lang='lat' dir='ltr'>l.</span> <span class='ocrx_word' id='word_1_366' title='bbox 762 4720 791 4780; x_wconf 90' lang='lat' dir='ltr'>p.</span> <span class='ocrx_word' id='word_1_367' title='bbox 816 4701 876 4759; x_wconf 83' lang='lat'>157</span> <span class='ocrx_word' id='word_1_368' title='bbox 899 4716 964 4777; x_wconf 82' lang='lat' dir='ltr'>sqq.</span> <span class='ocrx_word' id='word_1_369' title='bbox 1008 4696 1089 4754; x_wconf 84' lang='lat' dir='ltr'>Baur</span> <span class='ocrx_word' id='word_1_370' title='bbox 1115 4696 1134 4756; x_wconf 93' lang='lat' dir='ltr'>l.</span> <span class='ocrx_word' id='word_1_371' title='bbox 1157 4694 1178 4754; x_wconf 92' lang='lat' dir='ltr'>l.</span> <span class='ocrx_word' id='word_1_372' title='bbox 1207 4718 1238 4776; x_wconf 89' lang='lat' dir='ltr'>p.</span> <span class='ocrx_word' id='word_1_373' title='bbox 1262 4697 1323 4755; x_wconf 82' lang='grc'>178</span> <span class='ocrx_word' id='word_1_374' title='bbox 1354 4716 1383 4755; x_wconf 90' lang='lat' dir='ltr'>n.</span> <span class='ocrx_word' id='word_1_375' title='bbox 1406 4700 1444 4756; x_wconf 77' lang='lat'>21</span> <span class='ocrx_word' id='word_1_376' title='bbox 1477 4698 1520 4756; x_wconf 87' lang='lat' dir='ltr'>ita</span> <span class='ocrx_word' id='word_1_377' title='bbox 1548 4700 1760 4777; x_wconf 84' lang='lat' dir='ltr'>interpretatus</span> <span class='ocrx_word' id='word_1_378' title='bbox 1787 4706 1848 4755; x_wconf 89' lang='lat' dir='ltr'>est:</span> <span class='ocrx_word' id='word_1_379' title='bbox 1882 4695 1946 4754; x_wconf 82' lang='lat' dir='ltr'>Das</span> <span class='ocrx_word' id='word_1_380' title='bbox 1976 4695 2076 4774; x_wconf 81' lang='lat' dir='ltr'>Abga-</span> 
     </span>
     <span class='ocr_line' id='line_1_40' title="bbox 538 4781 2077 4860; baseline -0.002 -17"><span class='ocrx_word' id='word_1_381' title='bbox 538 4784 705 4845; x_wconf 82' lang='lat' dir='ltr'>scbnittene</span> <span class='ocrx_word' id='word_1_382' title='bbox 726 4786 766 4844; x_wconf 87' lang='lat' dir='ltr'>ist</span> <span class='ocrx_word' id='word_1_383' title='bbox 787 4806 846 4845; x_wconf 86' lang='lat' dir='ltr'>von</span> <span class='ocrx_word' id='word_1_384' title='bbox 869 4784 923 4845; x_wconf 89' lang='lat' dir='ltr'>der</span> <span class='ocrx_word' id='word_1_385' title='bbox 945 4782 1092 4843; x_wconf 85' lang='lat' dir='ltr'>Substana</span> <span class='ocrx_word' id='word_1_386' title='bbox 1113 4792 1262 4860; x_wconf 83' lang='lat' dir='ltr'>getrennt,</span> <span class='ocrx_word' id='word_1_387' title='bbox 1285 4782 1339 4841; x_wconf 84' lang='lat' dir='ltr'>das</span> <span class='ocrx_word' id='word_1_388' title='bbox 1363 4783 1406 4842; x_wconf 88' lang='lat' dir='ltr'>als</span> <span class='ocrx_word' id='word_1_389' title='bbox 1421 4783 1511 4843; x_wconf 79' lang='lat' dir='ltr'>Theil</span> <span class='ocrx_word' id='word_1_390' title='bbox 1525 4784 1781 4845; x_wconf 83' lang='lat' dir='ltr'>Unterscbiadene</span> <span class='ocrx_word' id='word_1_391' title='bbox 1804 4782 1884 4855; x_wconf 87' lang='lat' dir='ltr'>aber,</span> <span class='ocrx_word' id='word_1_392' title='bbox 1897 4782 1962 4853; x_wconf 76' lang='lat' dir='ltr'>,das</span> <span class='ocrx_word' id='word_1_393' title='bbox 1985 4781 2077 4842; x_wconf 88' lang='lat' dir='ltr'>durch</span> 
     </span>
     <span class='ocr_line' id='line_1_41' title="bbox 538 4866 2076 4947; baseline -0.002 -17"><span class='ocrx_word' id='word_1_394' title='bbox 538 4871 612 4930; x_wconf 80' lang='lat' dir='ltr'>freis</span> <span class='ocrx_word' id='word_1_395' title='bbox 635 4870 937 4947; x_wconf 82' lang='lat' dir='ltr'>Salbstbestimmung</span> <span class='ocrx_word' id='word_1_396' title='bbox 959 4869 1007 4928; x_wconf 85' lang='lat' dir='ltr'>die</span> <span class='ocrx_word' id='word_1_397' title='bbox 1030 4866 1231 4940; x_wconf 79' lang='lat' dir='ltr'>Oelronomie,</span> <span class='ocrx_word' id='word_1_398' title='bbox 1265 4869 1312 4929; x_wconf 85' lang='lat' dir='ltr'>dic</span> <span class='ocrx_word' id='word_1_399' title='bbox 1335 4870 1469 4929; x_wconf 85' lang='lat' dir='ltr'>Vielheit</span> <span class='ocrx_word' id='word_1_400' title='bbox 1489 4872 1519 4930; x_wconf 92' lang='lat' dir='ltr'>in</span> <span class='ocrx_word' id='word_1_401' title='bbox 1540 4873 1593 4931; x_wconf 86' lang='lat' dir='ltr'>der</span> <span class='ocrx_word' id='word_1_402' title='bbox 1613 4870 1752 4943; x_wconf 80' lang='lat' dir='ltr'>Einhoit,</span> <span class='ocrx_word' id='word_1_403' title='bbox 1781 4868 1990 4941; x_wconf 78' lang='lat' dir='ltr'>hinzunimmt,</span> <span class='ocrx_word' id='word_1_404' title='bbox 2014 4887 2076 4927; x_wconf 84' lang='lat' dir='ltr'>ver·</span> 
     </span>
     <span class='ocr_line' id='line_1_42' title="bbox 539 4954 2076 5033; baseline -0.003 -16"><span class='ocrx_word' id='word_1_405' title='bbox 539 4958 659 5017; x_wconf 82' lang='lat' dir='ltr'>ursaolrt</span> <span class='ocrx_word' id='word_1_406' title='bbox 689 4959 719 5016; x_wconf 89' lang='lat' dir='ltr'>in</span> <span class='ocrx_word' id='word_1_407' title='bbox 743 4957 811 5019; x_wconf 85' lang='lat' dir='ltr'>dam</span> <span class='ocrx_word' id='word_1_408' title='bbox 842 4977 895 5018; x_wconf 83' lang='lat' dir='ltr'>aua</span> <span class='ocrx_word' id='word_1_409' title='bbox 919 4956 1059 5015; x_wconf 83' lang='lat' dir='ltr'>walchem</span> <span class='ocrx_word' id='word_1_410' title='bbox 1089 4974 1122 5013; x_wconf 88' lang='lat' dir='ltr'>es</span> <span class='ocrx_word' id='word_1_411' title='bbox 1150 4957 1188 5013; x_wconf 83' lang='lat' dir='ltr'>iat</span> <span class='ocrx_word' id='word_1_412' title='bbox 1217 4956 1326 5015; x_wconf 80' lang='lat' dir='ltr'>kainon</span> <span class='ocrx_word' id='word_1_413' title='bbox 1349 4957 1479 5033; x_wconf 82' lang='lat' dir='ltr'>Mangel.</span> <span class='ocrx_word' id='word_1_414' title='bbox 1530 4959 1573 5018; x_wconf 83' lang='lat' dir='ltr'>Ea</span> <span class='ocrx_word' id='word_1_415' title='bbox 1602 4960 1641 5018; x_wconf 87' lang='lat' dir='ltr'>ist</span> <span class='ocrx_word' id='word_1_416' title='bbox 1668 4958 1733 5016; x_wconf 78' lang='lat' dir='ltr'>also</span> <span class='ocrx_word' id='word_1_417' title='bbox 1755 4958 1803 5017; x_wconf 88' lang='lat' dir='ltr'>ein</span> <span class='ocrx_word' id='word_1_418' title='bbox 1826 4954 2023 5017; x_wconf 80' lang='lat' dir='ltr'>Untersobiod</span> <span class='ocrx_word' id='word_1_419' title='bbox 2047 4955 2076 5013; x_wconf 86' lang='lat' dir='ltr'>in</span> 
     </span>
     <span class='ocr_line' id='line_1_43' title="bbox 541 5041 1874 5107; baseline -0.003 -3"><span class='ocrx_word' id='word_1_420' title='bbox 541 5045 594 5105; x_wconf 87' lang='lat' dir='ltr'>der</span> <span class='ocrx_word' id='word_1_421' title='bbox 617 5044 741 5104; x_wconf 81' lang='lat' dir='ltr'>Einhait</span> <span class='ocrx_word' id='word_1_422' title='bbox 763 5046 834 5107; x_wconf 85' lang='lat' dir='ltr'>abar</span> <span class='ocrx_word' id='word_1_423' title='bbox 857 5047 904 5107; x_wconf 84' lang='lat' dir='ltr'>siu</span> <span class='ocrx_word' id='word_1_424' title='bbox 927 5043 1043 5104; x_wconf 86' lang='lat' dir='ltr'>solcber</span> <span class='ocrx_word' id='word_1_425' title='bbox 1065 5041 1193 5101; x_wconf 84' lang='lat' dir='ltr'>vclchcr</span> <span class='ocrx_word' id='word_1_426' title='bbox 1215 5042 1372 5102; x_wconf 85' lang='lat' dir='ltr'>iunerbalb</span> <span class='ocrx_word' id='word_1_427' title='bbox 1395 5042 1448 5103; x_wconf 85' lang='lat' dir='ltr'>der</span> <span class='ocrx_word' id='word_1_428' title='bbox 1470 5043 1619 5106; x_wconf 80' lang='lat' dir='ltr'>Substauz</span> <span class='ocrx_word' id='word_1_429' title='bbox 1642 5043 1750 5104; x_wconf 82' lang='lat' dir='ltr'>Gottes</span> <span class='ocrx_word' id='word_1_430' title='bbox 1772 5042 1874 5103; x_wconf 87' lang='lat' dir='ltr'>bleibt.</span> 
     </span>
    </p>
   </div>
   <div class='ocr_carea' id='block_1_5' title="bbox 1736 5141 1793 5219">
    <p class='ocr_par' dir='ltr' id='par_1_9' title="bbox 1736 5141 1793 5219">
     <span class='ocr_line' id='line_1_44' title="bbox 1736 5141 1793 5219; baseline 0 -36"><span class='ocrx_word' id='word_1_431' title='bbox 1736 5141 1793 5219; x_wconf 71' lang='grc'>4*</span> 
     </span>
    </p>
   </div>
   <div class='ocr_carea' id='block_1_6' title="bbox 0 0 2522 6084">
    <p class='ocr_par' dir='ltr' id='par_1_10' title="bbox 0 0 2522 6084">
     <span class='ocr_line' id='line_1_45' title="bbox 0 0 2522 6084; baseline 0 0"><span class='ocrx_word' id='word_1_432' title='bbox 0 0 2522 6084; x_wconf 95' lang='lat' dir='ltr'> </span> 
     </span>
    </p>
   </div>
  </div>
 </body>
</html>
