5034 6084
1171 617 1219 689 20

429 819 637 919 logetarum
676 818 824 918 scriptis
860 817 1108 918 reperiuntur,
1140 816 1204 891 ubi
1236 817 1284 893 de
1316 815 1476 915 ratione,
1514 845 1608 918 quae
1644 819 1691 893 sit
1723 820 1819 897 inter
1844 824 1965 898 Deum

432 935 468 995 et
493 920 683 1015 mundum,
710 937 775 994 aut
800 920 846 996 de
873 948 933 1015 ea,
969 946 1042 1018 qua
1067 920 1164 993 facta
1191 918 1237 992 sit
1262 917 1397 993 creatio
1423 934 1458 994 et
1485 921 1655 996 revelatio
1683 923 1753 997 Dei
1777 924 1872 999 inter
1897 927 1966 999 ho-

431 1023 559 1117 mines,
588 1036 777 1122 quaerunt.
831 1022 1027 1097 Praeterea
1061 1021 1125 1120 qui
1151 1019 1374 1095 Christianis
1405 1049 1427 1095 a
1453 1024 1609 1124 paganis
1636 1024 1723 1097 vitio
1754 1027 1846 1101 verti
1873 1028 1967 1102 sole·

433 1125 505 1220 bat,
534 1125 760 1235 atheismus,
793 1139 829 1200 et
854 1123 1075 1198 christianae
1108 1124 1162 1198 rei
1185 1122 1369 1217 defensi0,
1409 1151 1481 1222 qua
1508 1124 1646 1200 crimen
1673 1126 1765 1200 illud
1791 1127 1968 1203 dissolve-

432 1226 524 1301 bant
556 1241 591 1301 et
624 1226 661 1299 in
687 1225 787 1326 ipsos
813 1253 980 1328 paganos
1007 1225 1285 1324 retorquebant,
1324 1226 1554 1300 occasionem
1587 1228 1816 1327 praebebant
1841 1231 1968 1332 apolo-

435 1328 547 1430 getis,
575 1341 615 1401 ut
647 1328 736 1427 quid
762 1328 808 1404 de
834 1329 961 1403 divina
986 1328 1144 1403 essentia
1169 1325 1401 1401 statuendum
1428 1329 1483 1423 sit,
1511 1329 1657 1427 planius
1684 1346 1908 1429 exponerent
1927 1334 1968 1432 1).

537 1428 610 1520 Qui
633 1458 720 1506 vero
759 1457 982 1530 quamquam
1011 1457 1092 1503 una.
1113 1455 1158 1504 ex
1190 1443 1294 1528 parte
1322 1429 1535 1529 saepissime
1565 1445 1750 1530 repetunt,
1784 1434 1883 1531 quod
1911 1435 1968 1508 in-

433 1546 538 1631 tegra
569 1532 768 1607 christiana
801 1532 1025 1607 conscientia
1055 1558 1143 1605 sane
1164 1557 1302 1630 negare
1337 1558 1414 1605 non
1439 1546 1575 1632 potest,
1608 1560 1674 1632 per
1707 1536 1968 1611 revelationem

434 1634 473 1706 in
492 1633 640 1707 Christo
662 1636 797 1710 factam
821 1633 1034 1709 hominibus
1061 1659 1209 1708 omnem
1227 1632 1298 1707 Dei
1324 1634 1574 1733 cognitionem
1596 1634 1720 1708 datam
1742 1664 1821 1712 esse
1843 1664 1969 1714 neces·

436 1736 581 1832 sariam,
610 1763 683 1835 qua
703 1738 829 1812 salutis
850 1735 1046 1837 participes
1064 1748 1194 1830 esseut,
1221 1734 1336 1809 altera
1357 1761 1403 1809 ex
1423 1751 1527 1835 parte
1547 1750 1670 1811 tamen
1689 1764 1732 1811 eo
1756 1737 1969 1839 diligentius

435 1838 473 1911 in
495 1837 559 1912 illa
584 1841 868 1939 perseverabant
891 1836 1079 1931 sententia,
1106 1837 1244 1933 Deum,
1279 1836 1398 1935 qualis
1424 1864 1491 1937 per
1514 1864 1553 1912 se
1577 1839 1640 1934 sit,
1669 1866 1779 1913 sensu
1806 1855 1841 1915 et
1862 1842 1968 1942 'cogi-

434 1938 572 2016 tatione
597 1942 790 2016 hominum
816 1938 1080 2038 comprehendi
1114 1965 1191 2011 uon
1213 1965 1333 2038 posse.
1394 1938 1498 2028 Quae
1530 1940 1679 2038 quidem
1702 1941 1772 2016 Dei
1797 1944 1969 2019 maiestas

436 2070 547 2142 supra
583 2070 732 2118 omnem
770 2043 964 2116 hominum
998 2041 1258 2142 cogitationem
1300 2041 1443 2115 excelsa
1486 2068 1599 2140 quum
1634 2042 1836 2118 christiana
1881 2070 1968 2119 con-

438 2144 589 2219 scientia
616 2145 844 2220 contineatur
870 2137 905 2220 et
931 2142 978 2217 ab
1006 2170 1050 2217 ea
1072 2142 1253 2242 postulata
1280 2143 1327 2216 sit
1338 2143 1381 2241 2),
1407 2144 1472 2216 illa
1497 2158 1632 2240 tamen,
1657 2171 1729 2243 qua
1754 2146 1969 2222 notionibus

437 2274 516 2323 eam
545 2248 798 2346 exprimebant
824 2233 1051 2346 apdlogetae,
1075 2244 1179 2340 ratio,
1206 2244 1358 2318 nonnisi
1383 2245 1536 2344 antiqua
1556 2245 1794 2346 philosophia
1820 2273 1969 2350 compa·

437 2364 525 2446 rata,
549 2349 706 2449 intelligi
725 2362 862 2449 potest3
889 2346 1028 2445 ubique
1052 2347 1152 2420 enim
1169 2346 1353 2446 imprimis
1370 2346 1644 2421 Platonicorum
1671 2348 1717 2424 de
1734 2350 1814 2424 Deo
1836 2350 1970 2426 doctri-

436 2478 566 2526 narum
594 2466 630 2525 et
652 2450 821 2525 Philonis
856 2449 1065 2549 theologiae
1098 2448 1154 2521 vis
1188 2464 1297 2546 atque
1324 2448 1519 2523 auctoritas
1554 2464 1715 2549 apparet
1742 2496 1791 2506 —
1851 2453 1971 2528 Deum

395 2622 401 2635 .
437 2580 517 2630 esse
543 2552 831 2628 inenarrabilem
854 2577 1063 2649 nomenque
1089 2577 1165 2624 non
1188 2550 1338 2647 habere,
1363 2549 1531 2625 doctrina
1556 2570 1619 2646 est,
1645 2579 1718 2649 qua
1743 2552 1871 2629 o'mnes
1897 2556 1974 2631 fere

388 2729 407 2774 ο
439 2655 672 2744 consentiunt
697 2655 964 2755 apologetaess,
1026 2652 1189 2727 Nomina
1214 2653 1314 2727 enim
1347 2651 1429 2726 dari
1454 2652 1584 2736 dicunt
1606 2653 1654 2727 ad
1680 2654 1972 2755 designationem

436 2783 480 2833 ac
505 2756 779 2831 distinctionem
807 2755 1053 2830 subiectamm
1080 2781 1219 2851 rerum,
1248 2781 1342 2853 quae
1368 2754 1504 2829 multae
1529 2774 1564 2829 et
1590 2756 1712 2830 variae
1740 2758 1828 2854 sint,
1855 2761 1973 2833 nerni-

437 2886 523 2935 nem
559 2886 646 2934 vero
672 2858 960 2958 praeexstitisse,
995 2856 1058 2955 qui
1080 2857 1159 2931 Deo
1193 2883 1331 2931 nomen
1354 2856 1599 2956 exposuisset,
1636 2884 1754 2956 neque
1780 2859 1899 2933 Deum
1936 2890 1974 2936 se

438 2964 557 3063 ipsum
595 2961 861 3035 nominandum
896 2985 1064 3054 censere,
1105 2986 1218 3058 quum
1250 2986 1345 3032 unus
1381 2973 1416 3033 et
1447 2959 1577 3033 unicus
1610 2960 1666 3033 sit.
1732 2960 1973 3062 Quocumque

438 3091 537 3139 emm
563 3062 714 3137 nomine
746 3062 948 3163 appelletur
971 3062 1071 3135 Deus
1097 3060 1301 3236 ingenitus,
1339 3061 1584 3158 antiquiorem
1610 3061 1689 3136 Deo
1722 3062 1858 3138 habere
1890 3093 1973 3140 eum

440 3165 504 3265 qui
538 3192 673 3239 nomen
707 3163 922 3265 imposuerit
935 3163 978 3263 4).
1037 3162 1117 3236 lmo
1163 3162 1305 3235 ustinus
1337 3163 1395 3236 his
1419 3161 1608 3237 sententiis
1634 3163 1755 3258 addit,
1793 3167 1973 3266 perditam

440 3267 624 3342 insaniam
659 3266 839 3362 insanire,
877 3266 909 3338 si
943 3263 1025 3363 quis
1057 3263 1197 3338 audeat
1222 3263 1345 3338 dicere
1371 3264 1450 3338 Deo
1482 3290 1561 3339 esse
1595 3291 1729 3339 nomen
1746 3266 1788 3364 ⁵).
1848 3267 1974 3366 Itaque

440 3369 723 3445 discernendum
743 3394 823 3444 esse
846 3367 897 3442 ait
920 3367 976 3441 vir
993 3365 1121 3440 doctus
1147 3365 1241 3441 inter
1262 3367 1416 3440 nomina
1442 3364 1632 3466 (ὀνόματα)
1658 3381 1694 3441 et
1710 3368 1974 3467 appellationes
2022 3409 2026 3415 ’

442 3473 690 3574 (apocopae).
751 3470 862 3544 Pater
896 3482 931 3543 et
956 3470 1057 3543 Deus
1083 3481 1119 3543 et
1144 3465 1312 3541 conditor
1348 3482 1384 3542 et
1404 3468 1576 3542 dominus
1609 3482 1645 3543 et
1669 3469 1781 3543 hems
1804 3497 1880 3545 non
1906 3498 1973 3547 no·

440 3574 541 3649 mina
569 3588 669 3669 sunt,
707 3572 771 3647 sed
796 3599 840 3646 ex
872 3570 1062 3645 beneficiis
1098 3583 1135 3645 et
1157 3569 1333 3668 operibus
1368 3571 1632 3670 appellationes
1645 3571 1689 3671 ⁶).
1753 3571 1897 3662 Quibus
1925 3575 1973 3648 si-

441 3663 594 3751 millima
628 3675 726 3776 apud
753 3673 1002 3773 Theophilum
1029 3672 1216 3773 leguntur:
1260 3671 1331 3746 Dei
1363 3672 1501 3768 forma,
1538 3672 1643 3766 dicit,
1678 3673 1875 3750 ineffabilis
1910 3693 1973 3772 est,

439 3778 722 3879 inexplicabilis,
748 3800 818 3850 nec
841 3774 1027 3875 corporeis
1054 3773 1169 3847 oculis
1193 3774 1294 3848 cerni
1318 3788 1452 3873 potest,
1487 3801 1607 3873 neque
1632 3775 1784 3850 altitudo
1808 3778 1973 3877 cogitari,

440 3908 558 3981 neque
594 3880 671 3955 eins
703 3878 817 3953 robur
845 3877 885 3949 in
921 3876 1233 3976 comparationem
1268 3877 1411 3972 vocari,
1451 3902 1521 3951 nec
1554 3877 1733 3976 sapientia
1767 3880 1974 3977 assimilari,

440 4009 559 4082 neque
592 3982 670 4057 eius
703 3978 914 4082 benignitas
947 3977 1156 4072 imitabilis,
1195 4002 1269 4069 nec
1297 3977 1538 4052 beneficentia
1564 3980 1792 4055 enarrabilis.
1851 3982 1974 4057 Homo

442 4112 554 4183 quum
581 4085 619 4156 in
654 4083 787 4180 solem,
824 4082 997 4182 exiguum
1023 4079 1113 4153 illud
1136 4078 1372 4175 elementum,
1413 4081 1539 4154 oculos
1566 4081 1727 4181 defigere
1757 4111 1833 4156 non
1858 4084 1975 4184 possit

448 4222 729 4235 —.-—

549 4296 576 4381 1)
599 4297 636 4355 cf.
660 4296 792 4357 Semisch
808 4296 858 4355 l.l.
873 4316 903 4374 p.
919 4295 962 4356 II.
981 4317 1009 4377 p.
1024 4298 1085 4355 247
1102 4315 1167 4376 sqq.
1213 4294 1286 4355 Otto
1303 4297 1321 4354 l.
1332 4297 1352 4355 l.
1367 4300 1467 4374 puto
1481 4317 1545 4378 sqq.
1594 4298 1788 4376 Hagenbach,
1800 4298 1972 4373 „Dogmen—

442 4385 561 4461 gesch.“
583 4405 613 4463 p.
628 4386 667 4443 73
682 4402 747 4462 sqq.
796 4383 907 4441 Daniel
930 4383 950 4441 l.
975 4405 999 4444 c.
1024 4404 1051 4461 p.
1069 4386 1129 4442 142
1149 4402 1214 4462 sqq.

549 4471 578 4550 2)
600 4472 638 4530 cf.
662 4468 693 4528 u't
715 4471 790 4529 alios
814 4470 949 4528 omittam
972 4469 1135 4542 „Nitzsch“
1159 4469 1281 4548 System
1305 4468 1333 4527 d.
1355 4470 1416 4528 chr.
1438 4466 1538 4527 Lehro
1561 4468 1607 4529 od.
1633 4474 1661 4541 6,
1686 4492 1714 4550 p.
1739 4474 1799 4531 136
1822 4490 1887 4550 sqq.

550 4562 579 4638 3]
602 4558 670 4618 Tot.
694 4556 745 4618 Or.
769 4556 808 4615 ad
832 4556 886 4616 Gr.
909 4576 934 4614 c.
949 4559 979 4634 4,
1003 4576 1031 4634 p.
1049 4558 1110 4615 145
1124 4556 1165 4614 A:
1196 4553 1264 4616 ἀλλ’
1287 4551 1356 4615 οὐδὲ
1377 4553 1426 4615 τὸν
1447 4552 1626 4631 α’νώμαστον
1647 4557 1722 4619 θεὸν
1744 4554 1971 4636 δωροδοκήτεον.

441 4644 522 4707 Diol.
545 4664 570 4703 c.
594 4645 645 4704 Tr.
668 4646 780 4714 6127,
804 4663 832 4723 p.
849 4645 911 4703 357
929 4642 971 4701 B:
1000 4641 1050 4703 ulo
1078 4647 1186 4720 πατέρα
1216 4647 1267 4702 καὶ
1295 4641 1418 4723 ἄῤῥητον
1447 4641 1557 4722 κύριον.
1612 4644 1693 4705 Just.
1718 4645 1806 4722 Apol.
1830 4644 1854 4716 l,
1878 4665 1902 4703 c.
1921 4647 1972 4716 61,

442 4751 470 4811 p.
482 4733 539 4790 94:
563 4730 659 4805 ὄνομα
681 4729 739 4807 γὰρ
760 4732 799 4808 τῷ
823 4726 936 4811 ἆρρήῐῳ
958 4731 1023 4808 θεῷ
1041 4725 1136 4802 οὐδεὶς
1154 4728 1209 4809 ἔχει
1225 4728 1322 4790 εἰπεῖν.
1368 4749 1393 4787 c.
1409 4731 1459 4799 63,
1475 4749 1504 4807 p.
1516 4728 1608 4791 950:
1631 4730 1679 4791 τὸν
1701 4728 1876 4809 ἇνώμαστον
1888 4728 1972 4792 θεόν.

550 4820 581 4893 4)
605 4817 694 4894 Apol.
717 4816 760 4886 ΙΙ,
783 4836 809 4874 c.
826 4819 855 4887 6,
877 4836 906 4895 p.
923 4817 964 4874 44
988 4816 1026 4874 D.

550 4904 579 4986 b)
601 4903 692 4982 Apol.
714 4902 738 4975 I,
761 4923 785 4962 c.
804 4904 855 4975 61,
877 4922 909 4981 p.
932 4903 972 4962 94
995 4902 1044 4960 Ι).

551 4991 580 5072 6)
603 4990 693 5069 Apol.
716 4988 760 5063 11,
782 5008 807 5049 c.
832 4992 861 5049 6.
