5034 6084
1290 631 1337 703 63

557 841 676 914 neque
712 840 862 915 prorsus
901 815 1137 912 immortalis,
1173 815 1238 890 sed
1272 816 1460 914 utriusque
1495 839 1630 915 capax,
1673 816 1765 889 sicut
1798 830 1834 891 et
1864 816 2088 916 paradisum,

556 931 734 1015 quantum
770 917 818 991 ad
853 917 1164 1019 pulchritudinem
1198 917 1361 992 medium
1399 916 1586 1015 quoddam
1624 917 1717 991 coeli
1751 931 1786 991 et
1815 931 1932 994 terrae
1965 933 2088 993 tenere

555 1020 663 1093 docet
682 1024 724 1111 ¹).
777 1019 877 1094 Deus
906 1021 936 1094 si
961 1020 1151 1096 hominem
1176 1019 1422 1094 immortalem
1450 1019 1497 1093 ab
1531 1019 1637 1092 initio
1664 1019 1825 1116 fecisset,
1853 1019 1973 1095 Deum
2006 1047 2089 1095 eum

556 1121 721 1214 fecisset,
746 1135 874 1196 contra
901 1123 932 1196 si
956 1123 1169 1219 mortalem,
1196 1146 1327 1196 caussa
1353 1122 1388 1197 ei
1410 1120 1538 1195 mortis
1566 1120 1748 1195 videretur
1771 1148 1849 1196 esse
1865 1123 1908 1222 2).

669 1221 778 1296 Viam
804 1238 925 1299 autem
952 1251 1025 1324 qua
1050 1225 1163 1299 homo
1190 1224 1238 1298 ad
1265 1250 1449 1298 summum
1475 1224 1578 1297 cuius
1604 1250 1673 1322 ope
1693 1224 1793 1297 Deus
1819 1225 1883 1298 fiat
1898 1223 2087 1324 pervenire

435 1356 440 1370 ·
554 1324 671 1424 possit
695 1325 935 1426 principium,
960 1327 1070 1401 talem
1096 1342 1259 1402 enarrat:
1286 1327 1464 1421 μετέθηκε·
1489 1326 1526 1399 δὲ
1552 1323 1658 1398 αὐτὸν
1683 1323 1703 1399 ὁ
1729 1329 1818 1408 θεὸς
1851 1329 1889 1400 ἐκ
1923 1333 1981 1422 τῆς
2011 1332 2085 1421 γῆς,

555 1432 592 1513 ἐξ
617 1422 657 1520 ἧς
680 1428 860 1521 ἐγεγόνει,
888 1431 938 1510 εἰς
961 1437 1021 1502 τὸν
1046 1430 1285 1528 παράδεισον,
1313 1430 1433 1511 διδοὺς
1458 1427 1555 1527 αὐτῷ
1582 1427 1754 1527 ἀφορμὴν
1779 1437 1962 1528 προκοπῆς
1988 1425 2086 1511 ὅπως

555 1526 722 1616 αὐξάνων
745 1540 806 1603 καὶ
828 1537 961 1614 τέλειος
987 1529 1203 1627 γενόμενος,
1231 1534 1279 1605 ἔτι
1306 1534 1343 1605 δὲ
1365 1541 1426 1605 καὶ
1453 1534 1542 1614 θεὸς
1569 1530 1799 1624 ἀναδειχθεὶς
1825 1531 1936 1614 οὕτως
1959 1542 2020 1605 καὶ
2037 1533 2086 1613 εἰς

557 1639 614 1705 τὸν
640 1631 794 1731 οὐρανὸν
822 1632 941 1732 α’ναβῇ
963 1637 1009 1727 ³).
1071 1635 1151 1708 Iam
1177 1634 1248 1709 hae
1275 1635 1409 1734 quibus
1442 1628 1554 1709 utitur
1586 1635 1756 1710 notiones
1792 1633 1963 1734 ἄφαρμὴν
1997 1662 2084 1735 πρα-

551 1742 665 1829 ααπῆς
690 1735 738 1810 ad
766 1736 909 1813 Stoicae
934 1737 1191 1837 philosophiae
1216 1737 1395 1811 formulas
1420 1764 1488 1809 nos
1515 1749 1705 1833 revocant,
1741 1764 1829 1810 nam
1856 1739 1970 1813 Stoici
1993 1765 2086 1834 πρα-

519 1846 668 1932 ’νοπήν
693 1837 855 1913 medium
882 1867 961 1914 esse
994 1838 1136 1914 virtutis
1173 1858 1208 1913 et
1240 1838 1319 1911 vitii
1353 1840 1541 1939 negabant
1571 1838 1738 1937 quidem,
1771 1866 1848 1913 non
1883 1867 1969 1915 vero
2001 1868 2087 1941 pro-

553 1942 688 2014 fectum
720 1941 864 2015 virtutis
898 1967 979 2015 esse
1016 1967 1167 2041 prorsus
1203 1940 1380 2015 nolebant
1399 1941 1442 2039 4).
1513 1941 1615 2032 Quas
1655 1941 1804 2039 quidem
1840 1943 2009 2017 notiones
2042 1969 2086 2016 ex

552 2042 677 2117 Stoica
702 2042 938 2143 philosophia
963 2042 1147 2143 originem
1170 2042 1336 2139 duxisse,
1363 2044 1542 2118 maiorem
1568 2043 1678 2117 etiam
1712 2043 1908 2121 conciliare
1945 2043 2087 2122 videtur

554 2144 871 2241 verisimilitatem,
912 2172 1024 2245 quum
1065 2143 1311 2261 Theophilum
1353 2171 1436 2219 oum
1473 2172 1616 2218 summo
1653 2143 1857 2220 Stoicorum
1891 2161 2086 2248 praecepto

553 2247 685 2319 morali
710 2247 915 2321 consentire
940 2246 1148 2342 videamus,
1171 2246 1284 2345 idque
1309 2273 1353 2321 ea
1379 2248 1530 2343 ratione,
1559 2260 1599 2320 ut
1623 2245 1671 2319 ad
1693 2246 1925 2325 Christianae
1951 2247 2085 2324 doctri-

553 2375 621 2422 nae
648 2350 806 2422 formam
830 2361 1063 2448 praeceptum
1089 2348 1182 2422 illud
1207 2350 1469 2426 accommodet.
1529 2349 1651 2424 Homo
1690 2349 1788 2424 enim
1826 2351 1889 2451 qui
1924 2348 2088 2451 peccavit

530 2452 600 2525 'ob
628 2466 813 2551 peccatum
839 2450 1051 2551 paradisum
1078 2451 1200 2525 amisit
1224 2465 1260 2526 et
1284 2451 1322 2524 in
1348 2453 1510 2551 priorem
1535 2450 1731 2550 quemdam
1757 2466 1891 2527 statum
1910 2453 2086 2554 pervenit.

553 2554 680 2652 ltaque
706 2580 780 2625 non
805 2567 924 2651 potest
951 2577 1099 2644 cernere
1126 2553 1246 2627 Deum
1279 2553 1413 2654 quippe
1448 2554 1511 2653 qui
1543 2553 1797 2653 peccatoribus
1822 2582 1898 2629 non
1925 2567 2085 2660 apparet,

558 2657 635 2729 nisi·
656 2655 761 2739 omniv
783 2654 867 2729 labe
894 2668 1001 2729 antea
1023 2656 1252 2755 expurgatis,
1279 2655 1393 2728 immo
1420 2670 1521 2730 tanta
1546 2670 1601 2730 est
1617 2682 1661 2730 ex
1684 2655 1884 2756 Theophili
1907 2660 2085 2735 sententia

557 2759 612 2831 vis
639 2757 795 2857 peccati,
821 2771 860 2830 ut
884 2784 960 2832 non
989 2756 1107 2830 solum
1129 2758 1319 2832 hominem
1349 2758 1466 2831 brutis
1503 2783 1629 2857 parem
1662 2757 1799 2832 factum
1834 2786 1914 2835 esse
1947 2761 2085 2849 doceat,

555 2860 621 2935 sed
648 2859 757 2934 etiam
780 2875 958 2954 naturam,
986 2858 1121 2958 quippe
1149 2885 1242 2957 quae
1268 2859 1385 2953 bona,
1421 2860 1535 2933 immo
1568 2859 1707 2958 optima
1731 2886 1754 2932 a
1780 2862 1859 2936 Deo
1883 2880 2003 2938 creata
2030 2866 2085 2953 sit,

557 2962 717 3046 hominis
744 2975 893 3060 peccato
917 2957 1081 3035 vitiatam
1109 2974 1144 3034 et
1169 2960 1427 3061 degeneratam
1455 2988 1534 3035 esse
1561 2960 1667 3056 dicat,
1691 2963 2001 3059 quemadmodum
2021 2967 2086 3041 do·

551 3066 673 3137 minus
700 3064 853 3137 honeste
880 3063 1019 3163 degens
1046 3063 1300 3137 necessitatem
1327 3063 1440 3137 servis
1471 3063 1597 3137 afferat
1619 3077 1715 3136 recte
1738 3064 1904 3160 vivendi,
1940 3068 1995 3140 sin
2024 3097 2086 3143 au.
2172 3158 2176 3166 ι

551 3183 624 3241 tem
648 3166 869 3266 peccaverit,
897 3164 1025 3240 eadem
1052 3166 1146 3239 servi
1173 3178 1325 3264 peccent
1347 3167 1392 3259 5).
1963 3188 1973 3209 ⁸

667 3267 937 3358 Quaerentibus
964 3268 1091 3362 nobis,
1116 3267 1302 3366 quomodo
1324 3268 1436 3341 homo
1475 3295 1497 3340 a
1529 3281 1678 3366 peccato
1711 3267 1862 3343 liberari
1888 3283 1923 3345 et
1956 3289 2087 3350 natura

552 3373 591 3444 in
618 3370 812 3471 pristinum
840 3384 972 3443 statum
999 3370 1137 3443 restitui
1171 3368 1309 3469 possit,
1339 3368 1567 3468 Theophilus
1599 3368 1787 3445 hominem
1819 3372 1870 3446 ait
1891 3373 1939 3446 ad
1965 3375 2004 3448 id
2029 3405 2085 3453 re·

552 3474 632 3548 dire
657 3472 807 3566 debere,
837 3471 935 3570 quod
963 3470 1163 3547 secundum
1189 3486 1360 3545 naturam
1385 3472 1431 3544 sit
1450 3472 1502 3569 ⁶);
1531 3497 1625 3570 quae
1652 3471 1800 3570 quidem
1827 3475 1985 3551 formula
2010 3507 2086 3553 non
2209 3472 2213 3488 ⁹

488 3666 490 3671 Ι
552 3575 626 3650 alia
649 3590 703 3647 est
723 3589 866 3673 praeter
892 3574 1124 3647 notissimum
1148 3573 1240 3646 illud
1268 3571 1411 3648 Stoicae
1444 3574 1490 3647 de
1523 3572 1689 3646 moribus
1725 3574 1913 3651 doctrinae
1950 3582 2084 3679 princi·

553 3679 653 3778 pium
677 3674 776 3774 quod
803 3676 911 3749 etiam
938 3674 1125 3748 dustinum
1152 3689 1315 3748 secutum
1341 3702 1438 3770 esse,
1467 3702 1578 3774 supra
1604 3677 1845 3751 narravimus.
1907 3679 1973 3753 Sin
1999 3710 2084 3757 vero

552 3793 767 3879 quaeratur,
808 3804 989 3876 quaenam
1016 3804 1061 3853 ex
1087 3776 1286 3875 Theophili
1317 3777 1496 3853 sententia
1527 3777 1675 3851 viv‘endi
1710 3780 1803 3853 ratio
1835 3795 2004 3856 naturam
2030 3811 2085 3859 se-

553 3895 703 3980 quatur,
732 3879 891 3953 dubitari
916 3907 991 3953 non
1018 3892 1153 3980 potest,
1189 3879 1278 3976 quin
1312 3879 1452 3953 nullam
1486 3880 1597 3953 aliam
1633 3881 1806 3976 voluerit,
1850 3909 1959 3980 quam
1993 3912 2086 3983 quae

553 3984 611 4058 lex
638 3981 764 4055 divina
790 3996 825 4056 et
850 3995 976 4055 sancta
1001 3981 1071 4055 Dei
1097 3993 1292 4155 praecepta
1317 3998 1588 4082 praeceperunt.
1643 3980 1752 4071 Quod
1778 3982 1912 4057 iniuria
1938 4003 1973 4061 et
1998 4013 2085 4062 con·

552 4084 712 4159 tumacia
736 4084 907 4157 amiserat
927 4083 1060 4179 homo,
1099 4081 1136 4155 id
1163 4084 1196 4157 ei
1247 4098 1335 4157 onat
1358 4084 1478 4179 Deus,
1516 4110 1588 4182 qua
1619 4099 1673 4181 est
1706 4084 1931 4160 humanitate
1957 4104 1992 4164 et
2017 4090 2085 4163 mi-

551 4185 763 4262 sericordia.
791 4185 910 4286 Leges
930 4188 1028 4261 enim
1046 4184 1189 4260 homini
1208 4185 1364 4261 traditae
1380 4199 1464 4259 sunt
1485 4185 1532 4259 ab
1552 4184 1764 4260 hominibus
1779 4186 1953 4263 divinitus
1969 4191 2085 4266 doctis

553 4305 590 4365 et
615 4287 750 4362 sanctis
777 4303 812 4361 et
838 4288 961 4382 iustis,
1000 4301 1121 4388 utpote
1147 4286 1195 4360 ab
1227 4286 1308 4386 ipso
1334 4288 1413 4361 Deo
1440 4287 1571 4360 afflatis
1596 4301 1631 4360 et
1656 4288 1822 4384 eruditis,
1857 4291 1989 4388 quibus
2014 4290 2084 4369 Dei

663 4620 696 4689 ι)
721 4614 769 4683 11,
795 4616 843 4671 24.
1107 4616 1141 4693 α)
1165 4615 1215 4688 11,
1240 4618 1290 4674 at.
1562 4623 1594 4690 a)
1617 4619 1660 4688 11,
1687 4622 1736 4679 24.

662 4703 695 4778 4)
718 4700 755 4758 cf.
784 4701 882 4758 Ritter
905 4708 936 4758 et
965 4699 1080 4757 Proller
1115 4702 1133 4759 l.
1157 4722 1181 4760 c.
1212 4721 1242 4779 p.
1273 4704 1335 4762 469
1370 4722 1413 4782 sq.
1468 4703 1517 4762 De
1551 4705 1715 4763 Stoicorum
1748 4703 1881 4762 doctrina
1911 4704 1949 4763 de
1979 4704 2087 4783 ὁρμαῖς

553 4808 580 4844 ν.
604 4787 702 4846 Ritter
725 4785 904 4846 Geschichte
929 4786 981 4844 der
1002 4785 1196 4865 Philosophia
1218 4787 1278 4860 III,
1299 4808 1328 4866 p.
1353 4791 1415 4848 614
1438 4808 1502 4869 sqq.

660 4876 697 5038 65))
716 4874 924 5035 ΙΙΙ-Πόιαόῐαν
957 4954 1006 5022 οὖν
1036 4958 1126 5018 πάλιν
1150 4957 1166 5019 ὅ
1188 4958 1351 5042 ἄνθρωπος
1374 4960 1534 5042 ἄναδράμῃ
1565 4963 1604 5034 εἷς
1636 4959 1665 5020 τὸ
1698 4960 1769 5021 κατὰ
1800 4961 1886 5042 φύσιν
1911 4968 2007 5040 μηκέτι
2030 4987 2085 5022 κα-

551 5065 689 5106 κααοιων.
