5034 6084
1300 636 1347 709 35

551 819 758 894 doctrinam
794 821 941 917 attinet,
974 822 1085 921 plane
1114 822 1231 898 abeo
1267 850 1347 899 sese
1383 822 1634 917 liberaverint,
1671 836 1705 894 et
1739 819 2013 895 consecutiones
2040 843 2084 891 ex

483 936 487 944 '
550 922 793 996 emanationis
816 950 888 1021 qna
914 924 1109 998 utebantur
1127 924 1269 999 ratione
1291 923 1525 999 deducendas
1541 923 1755 1024 superarint,
1783 936 1822 995 ut
1842 921 1928 995 inde
1944 945 2081 1021 cogno-

548 1048 709 1120 scamus,
749 1053 793 1099 ex
819 1024 882 1100 illa
914 1025 1085 1125 antiquae
1120 1026 1376 1127 philosophiae
1402 1027 1439 1099 vi
1465 1039 1500 1099 et
1525 1026 1737 1100 auctoritate
1762 1050 1991 1122 nequaquam
2016 1048 2080 1121 pa-

548 1139 640 1222 tere,
670 1128 882 1228 apologetae
917 1127 954 1200 in
990 1128 1193 1229 disciplinis
1227 1129 1275 1202 ad
1299 1143 1412 1203 artem
1436 1128 1624 1213 revocatis.
1651 1126 1742 1199 illud
1769 1153 1918 1226 prorsus
1943 1152 2080 1199 novum

549 1227 648 1325 quod
671 1229 746 1329 p'er·
764 1230 1001 1303 christianam
1025 1231 1136 1305 fidem
1158 1244 1392 1330 acceperant,
1420 1229 1625 1330 neglexisse
1646 1229 1703 1304 vel
1726 1228 1902 1301 omisisse.

666 1330 865 1430 Aptissima
900 1359 985 1406 vero
1019 1359 1064 1407 ex
1087 1332 1132 1406 iis
1159 1332 1304 1405 initium
1335 1332 1532 1427 faciemus,
1568 1359 1661 1431 qnae
1695 1358 1805 1429 snpra
1840 1329 1999 1402 diximus
2031 1329 2076 1403 de

549 1433 825 1532 apologetarum
853 1434 1096 1508 emanationis
1122 1434 1308 1531 doctrina,
1344 1434 1392 1508 ad
1425 1434 1606 1508 rationem
1641 1433 1786 1532 qualem
1820 1433 1915 1505 inter
1937 1445 2077 1531 patrem

549 1548 583 1607 et
609 1534 725 1607 filium
753 1562 831 1610 esse
858 1536 1062 1636 cogitarent
1084 1536 1372 1637 exprimendam.
1426 1535 1535 1625 Quod
1562 1536 1658 1611 enirn
1682 1534 1861 1629 lustinus,
1890 1533 2077 1628 TatianuS,

548 1634 776 1735 Theophilus
801 1638 918 1710 filium
940 1664 985 1711 ex
1011 1653 1112 1737 patre
1138 1640 1303 1740 genitum
1328 1639 1404 1713 sive
1427 1637 1638 1737 prosiluisse
1666 1637 1741 1711 sive
1759 1656 1996 1736 progressum
2022 1634 2078 1710 di·¹

547 1751 633 1811 cunt
658 1765 738 1813 esse
763 1740 894 1814 virtute
921 1754 956 1813 et
980 1741 1165 1815 voluntate
1198 1741 1330 1841 patris,
1365 1741 1439 1814 iam
1472 1739 1558 1813 huic
1590 1739 1789 1814 sententiae
1815 1736 2076 1837 gravissimum

547 1839 771 1938 maximique
798 1841 974 1916 momenti
999 1842 1196 1938 discrimen
1219 1844 1339 1918 inesse
1363 1859 1524 1942 apparet,
1553 1870 1624 1940 quo
1652 1870 1675 1915 a
1692 1841 1812 1940 prisca
1833 1838 2077 1913 emanationis

546 1940 688 2015 theoria
715 1942 963 2043 disiungatnr,
991 1943 1039 2018 ad
1065 1944 1167 2018 cuius
1188 1960 1294 2018 notas
1320 1945 1477 2044 pertinet
1500 1945 1703 2036 naturales,
1730 1940 1952 2042 principium
1979 1941 2077 2016 unde

547 2044 667 2115 omnis
694 2043 873 2144 α’πόρῤοοοι
898 2063 1043 2143 manat,
1079 2046 1302 2142 effundatur,
1333 2061 1482 2121 necesse
1509 2073 1605 2142 esse,
1642 2074 1686 2120 ex
1719 2072 1792 2143 qno
1819 2043 1945 2116 onmia
1971 2043 2076 2141 quasi

546 2172 590 2216 ex
615 2145 776 2247 radices)
803 2162 1060 2248 procrescent3
1085 2148 1306 2250 principium
1330 2149 1446 2244 enim,
1474 2148 1547 2221 nisi
1573 2176 1616 2223 ex
1644 2145 1871 2221 abnndantia
1898 2171 1964 2218 sua
1989 2171 2075 2243 pro·

545 2246 696 2343 fundat,
733 2250 954 2350 principium
982 2278 1058 2324 non
1085 2277 1176 2326 esse.
1228 2251 1355 2349 ltaque
1389 2249 1588 2325 secundum
1624 2249 1902 2350 apologetarnm
1928 2246 2075 2319 illorum

545 2351 762 2425 sententiam
787 2352 855 2425 filii
876 2353 1065 2452 generatio
1092 2353 1208 2427 libera
1227 2353 1296 2428 Dei
1318 2368 1373 2427 est
1398 2352 1492 2425 actio
1507 2351 1696 2451 divinique
1719 2350 1856 2424 amoris
1870 2348 2074 2445 consilium,

545 2449 592 2522 ad
631 2452 821 2527 hominum
856 2455 1008 2530 salutem
1041 2455 1182 2529 initum.
1243 2454 1367 2545 Quare
1402 2455 1433 2527 si
1462 2453 1607 2549 dicunt,
1647 2453 1717 2528 Dei
1750 2452 1867 2526 filium
1902 2478 1947 2525 ex
1972 2465 2074 2550 patre

545 2552 646 2651 prins
673 2556 852 2653 prodiisse
880 2584 991 2655 quam
1012 2557 1191 2630 mundum
1218 2556 1413 2650 creaverit,
1440 2555 1576 2631 addere
1603 2583 1678 2630 non
1705 2554 1916 2655 negligunt,
1944 2552 2074 2626 virtute

544 2654 622 2727 eius
649 2682 692 2728 ao
718 2658 903 2732 voluntate
930 2658 968 2732 id
994 2660 1128 2733 factum
1156 2687 1246 2755 esse,
1274 2686 1474 2758 omnesque
1501 2658 1781 2758 appellationes,
1808 2654 1943 2754 quibus
1969 2655 2074 2754 logos

543 2755 581 2827 in
607 2757 710 2831 libris
738 2761 852 2834 sacris
879 2761 1114 2861 significetur,
1142 2761 1228 2836 inde
1254 2788 1337 2834 enm
1365 2760 1502 2835 habere
1520 2759 1754 2854 contendunt,
1782 2756 1881 2856 qnod
1904 2772 1940 2830 et
1960 2756 2075 2856 patris

543 2858 720 2933 voluntati
747 2863 928 2936 ministret
952 2878 987 2938 et
1012 2864 1124 2962 patris
1152 2864 1336 2937 voluntate
1362 2890 1408 2937 ex
1433 2890 1476 2938 eo
1501 2877 1601 2935 ortus
1627 2862 1673 2936 sit
1687 2862 1729 2960 2).

650 2962 778 3061 Neque
801 2963 1028 3058 dubitemne,
1067 2966 1155 3063 quin
1182 2965 1291 3040 etiam
1318 2963 1550 3062 ¹Theophilus
1577 2963 1740 3040 eiusdem
1767 2961 1968 3036 sententiae
1994 2960 2072 3034 fue-

544 3062 606 3155 rit,
632 3090 744 3161 quum
770 3065 889 3139 Deum
916 3067 1027 3166 logon
1054 3066 1227 3167 genuisse
1253 3066 1370 3149 dieat,
1407 3092 1479 3164 qno
1508 3080 1644 3139 certum
1673 3063 1860 3165 quoddam
1889 3062 1958 3136 Dei
1985 3088 2073 3136 con-

543 3164 683 3262 silium,
710 3168 840 3241 mundi
867 3168 1003 3243 scilicet
1028 3169 1260 3264 creationem,
1287 3170 1519 3268 perficeretur
1534 3168 1576 3267 ³).
1630 3167 1686 3241 Ea
1701 3168 1800 3242 enim
1819 3178 1874 3239 est
1894 3162 2071 3261 doctrina,

543 3293 652 3363 quam
678 3272 889 3369 profitentes
917 3295 1045 3344 omnes
1071 3297 1163 3369 quos
1187 3270 1347 3344 diximus
1373 3270 1548 3345 ecclesiae
1573 3287 1695 3370 patres
1714 3265 1963 3362 consentiunt,
1984 3296 2071 3370 pro-

541 3370 761 3445 creationem
790 3372 846 3446 vel
868 3373 1144 3473 generationem
1171 3373 1249 3473 logi
1272 3372 1479 3472 proximam
1503 3372 1641 3447 habere
1667 3371 1715 3445 ad
1734 3398 1793 3445 res
1814 3381 1954 3444 creatas
1978 3370 2071 3447 rela-

539 3471 676 3544 tionem
704 3500 859 3571 cumque
884 3501 927 3548 ea
961 3475 1143 3549 artissime
1178 3502 1257 3549 esse
1283 3474 1592 3574 coniungendam.
1646 3474 1815 3548 Dicentes
1848 3497 1935 3545 vero
1957 3473 2072 3593 logon

538 3589 768 3671 procreatum
796 3603 874 3649 esse
892 3576 939 3649 ad
956 3592 1093 3650 certum
1108 3576 1294 3675 quoddam
1313 3576 1382 3651 Dei
1401 3576 1594 3651 consilium
1612 3574 1886 3680 perficiendum,
1912 3604 2072 3656 maxime

540 3673 719 3749 dissident
752 3676 798 3749 ab
832 3679 1075 3753 emanationis
1114 3679 1298 3774 doctrina,
1341 3705 1435 3777 quae
1466 3678 1547 3750 illas
1579 3692 1674 3753 certe
1715 3678 1965 3768 emanationes
1996 3708 2070 3753 una

538 3793 659 3851 mente
686 3778 910 3854 contnendas
938 3796 1103 3855 aeternas
1129 3780 1281 3882 putabat
1305 3806 1402 3876 esse,
1429 3779 1514 3854 licet
1538 3780 1723 3855 interdum
1749 3806 1810 3854 eas
1838 3808 1931 3879 quae
1955 3782 2070 3859 sensi·

538 3879 606 3952 bus
628 3880 894 3980 percipiuntur,
925 3883 1068 3983 genitas
1099 3910 1177 3957 esse
1212 3882 1342 3956 doceat
1354 3886 1400 3974 4).
1463 3880 1567 3971 Quae
1598 3881 1747 3981 quidem
1781 3883 1858 3981 logi
1883 3883 2068 3988 progressi

538 3981 585 4053 ad
613 4008 670 4055 res
697 4000 836 4057 creatas
862 3984 989 4057 relatio
1020 3985 1106 4059 inde
1136 4002 1190 4059 est
1211 3984 1444 4080 deducenda,
1479 3984 1578 4082 quod
1605 3985 1819 4085 apologetae
1845 4016 1920 4063 non
1945 4004 2020 4063 tam
2047 4014 2070 4059 a

537 4083 606 4157 Dei
633 4084 783 4159 notione
805 4088 957 4184 profecti
985 4088 1032 4161 ad
1057 4087 1134 4188 logi
1161 4088 1349 4162 notionem
1382 4086 1647 4188 procedebant,
1679 4086 1775 4159 hanc
1811 4115 1855 4163 ex
1881 4091 1945 4166 illa
1972 4089 2067 4165 deri·

648 4308 675 4390 1)
699 4312 796 4369 Ritter
825 4310 946 4383 „Uebcr
976 4310 1004 4369 d.
1036 4313 1262 4374 Emanatlcbre
1291 4316 1331 4372 im
1361 4313 1561 4390 Ucbergange
1590 4331 1644 4371 aus
1666 4311 1719 4370 der
1747 4314 1929 4378 alterthtlml.
1959 4320 1988 4377 in
2019 4320 2067 4378 die

538 4397 649 4456 christl.
673 4397 870 4456 Denkweise”
893 4396 976 4458 Gott.
1002 4402 1085 4460 1847
1109 4421 1137 4480 p.
1162 4403 1190 4460 6.

646 4482 674 4565 2)
696 4483 735 4542 cl.
765 4484 846 4543 Just.
875 4483 953 4543 Dial.
977 4504 1001 4542 c.
1026 4487 1079 4545 Tr.
1109 4509 1133 4547 c.
1159 4490 1197 4547 61
1222 4504 1251 4564 p.
1276 4486 1337 4545 284
1361 4484 1396 4546 Β.
1427 4505 1451 4545 ο.
1477 4488 1539 4544 100
1567 4502 1597 4561 p.
1621 4486 1682 4543 327
1707 4484 1740 4543 Β,
1776 4487 1844 4545 Tat.
1876 4486 1927 4547 Or.
1951 4487 1989 4546 ad
2014 4487 2066 4550 Gr.

538 4590 562 4628 θ·
586 4571 622 4630 52
645 4565 792 4644 θελήματι
816 4566 846 4629 δὲ
871 4570 921 4641 τῆς
942 4566 1114 4649 ἁπλότητος
1136 4568 1230 4632 αὐτοῦ
1253 4572 1393 4649 προπηδᾷ
1419 4568 1518 4648 λόγος.
1858 4621 1863 4630 .

645 4658 673 4735 3]
696 4656 834 4736 Theoph.
857 4655 895 4714 ad
920 4658 1020 4718 Autol.
1044 4660 1086 4729 Il,
1110 4682 1134 4721 c.
1159 4663 1199 4719 22
1221 4679 1251 4738 p.
1276 4661 1353 4719 365:
1376 4654 1466 4716 ὅποπε
1489 4652 1519 4715 δὲ
1542 4651 1687 4733 ἡθολησεν
1710 4653 1726 4715 ὁ
1750 4656 1824 4725 θεὸς
1845 4659 1984 4737 ποιῆσαι,
2008 4657 2065 4720 ὅσα

472 4820 475 4825 ,
538 4740 737 4822 ἐβουλεύσατο
761 4746 867 4803 τοῦτον
890 4739 942 4801 τὸν
967 4739 1054 4818 λόγον
1078 4746 1205 4823 ἐγέννησε
1228 4741 1434 4823 προφορικόπ,
1457 4741 1652 4820 πρωτότοκον
1675 4741 1772 4819 πάση,Ι
1795 4744 1936 4819 κτίσεως,
1960 4745 1993 4805 οὑ
2018 4771 2066 4806 κε-

535 4825 643 4896 νωθεὶς
667 4826 832 4895 uitiatori
857 4825 964 4906 λόγου,
996 4827 1078 4893 ἀλλὰ
1109 4831 1197 4909 λόγου
1228 4828 1367 4909 γεννήσας
1402 4824 1451 4890 καὶ
1474 4831 1515 4905 τῷ
1537 4826 1616 4906 λόγῳ
1639 4825 1733 4888 αὐτοῦ
1756 4830 1920 4902 διαπαντὸς
1943 4831 2065 4911 ὁμιλῶν.

535 4918 571 4977 cf.
596 4917 730 4977 Semisch
753 4917 773 4977 l.
795 4919 813 4978 l.
837 4937 866 4995 p.
890 4919 952 4975 282
975 4937 1003 4976 n.
1027 4921 1046 4977 4
1070 4928 1100 4978 et
1126 4930 1229 4979 contra
1252 4938 1321 4978 cnm
1342 4919 1461 4977 Dorner
1482 4919 1504 4976 1.
1526 4917 1545 4975 l.
1567 4936 1596 4995 p.
1620 4913 1692 4976 437.

641 5004 672 5081 4)
694 5005 791 5063 Ritter
815 5006 832 5063 l.
856 5005 874 5062 l.
899 5023 927 5081 p.
953 5006 969 5061 7
994 5004 1137 5066 Dunckar
1158 5006 1344 5083 Logoslehrc
1366 5025 1394 5084 p.
1420 5008 1471 5063 21.

1684 5111 1735 5186 5*
