5034 6084
1194 621 1238 692 70

450 853 593 925 quoque
628 823 828 898 sententiae
858 835 1027 916 nostrae,
1061 822 1338 922 Athenagoram
1372 823 1410 895 in
1445 823 1614 897 doctrina
1650 852 1716 897 sua
1750 825 1795 899 de
1825 826 1986 902 hominis

451 928 614 1029 partibus
640 924 841 1001 excolenda
867 952 889 996 a
916 922 1121 997 Stoicorum
1147 924 1342 1025 disciplina
1367 926 1569 1023 profectum
1593 953 1682 1022 esse,
1711 927 1853 1023 obstat,
1888 918 1990 1026 quod'

450 1044 605 1105 mortem
631 1027 776 1102 animae
802 1054 825 1100 a
850 1051 1002 1124 corpore
1028 1025 1291 1100 discessionem
1318 1027 1432 1121 dicat,
1467 1055 1578 1126 quum
1602 1029 1673 1128 ipsi
1700 1027 1830 1123 Stoici,
1864 1031 1986 1104 minus

451 1132 599 1231 quidem
625 1129 725 1203 firmi
748 1129 891 1227 sibique
918 1143 1125 1201 constantes
1150 1128 1294 1202 animas
1330 1143 1414 1227 post
1446 1146 1602 1205 mortem
1641 1131 1753 1203 vitam
1788 1133 1985 1228 quamdam

453 1237 586 1334 degere
611 1232 810 1325 voluerint,
838 1230 905 1304 etsi
931 1230 1121 1329 pervarias
1156 1231 1229 1303 sint
1263 1231 1476 1330 opinioneS,
1510 1232 1541 1305 si
1575 1233 1779 1307 accuratius
1812 1260 1905 1330 quae
1941 1234 1987 1307 de

454 1338 661 1411 animarum
705 1346 797 1406 statu
839 1345 923 1432 post
961 1345 1115 1405 mortem
1149 1332 1381 1432 impetrando
1415 1334 1614 1428 voluerint,
1654 1334 1920 1410 examinaveris
1944 1336 1985 1435 ¹).

452 1439 709 1535 Athenagoras
734 1461 820 1508 vero
847 1434 894 1507 ad
920 1434 1002 1507 illas
1028 1433 1233 1507 Stoicorum
1261 1435 1457 1510 sententias
1484 1462 1507 1508 a
1533 1436 1734 1511 christiana
1763 1436 1837 1511 fide
1862 1453 1986 1553 postu-

453 1543 563 1614 latam
590 1538 636 1612 de
662 1537 925 1611 resurrectione
950 1550 1178 1608 mortuorum
1205 1535 1410 1610 doctrinam
1444 1538 1659 1639 adaptabat,
1691 1539 1986 1614 coniunetronem

454 1643 598 1715 animae
625 1665 707 1713 cum
733 1663 887 1739 corpore
913 1638 1022 1711 etiam
1048 1651 1329 1737 postmortem,
1365 1666 1411 1713 ne
1437 1640 1599 1714 hominis
1631 1640 1822 1740 integritas
1854 1641 1985 1715 dissol-

455 1760 559 1817 vatur
582 1765 797 1843 permanere
823 1740 1057 1814 contendens.
1110 1740 1206 1813 Nam
1231 1739 1273 1814 tit
1294 1741 1393 1814 idem
1420 1766 1552 1842 corpus
1578 1741 1707 1817 eadem
1740 1743 1864 1815 anima
1896 1743 1986 1818 reci-

455 1847 551 1947 piat,
588 1844 667 1918 fieri
692 1843 842 1948 ponnisi
877 1841 1140 1916 resurrectione
1171 1858 1306 1942 potest,
1340 1843 1410 1915 hae
1442 1846 1538 1918 enim
1571 1845 1731 1944 perfecta
1765 1846 1987 1920 conveniens

454 1962 605 2023 naturae
629 1945 822 2019 hominum
848 1944 1010 2042 seqnitur
1030 1944 1114 2016 finis
1133 1943 1176 2043 2).

565 2049 695 2146 Neque
717 2047 839 2119 minus
867 2070 951 2118 cum
974 2045 1180 2119 Stoicorum
1207 2046 1383 2120 doctrinis
1414 2048 1460 2123 de
1485 2048 1718 2143 hominibus,
1753 2048 1839 2148 logo
1868 2063 1902 2123 et
1927 2075 1986 2121 ra-

454 2151 583 2225 tionali
600 2150 735 2223 iudicio
761 2147 953 2249 praeditis,
983 2173 1055 2245 quo
1082 2148 1168 2248 logo
1193 2149 1451 2249 cognationem
1486 2149 1685 2248 quamdam
1722 2176 1804 2223 curn
1842 2177 1986 2224 summo

455 2252 607 2327 numine
640 2252 802 2325 habeant
834 2263 869 2324 et
903 2277 926 2324 a
960 2249 1083 2323 bestiis
1126 2251 1400 2347 discernantur,
1436 2252 1712 2351 Athenagoram
1747 2252 1785 2325 in
1821 2251 1988 2326 doctrina

445 2378 523 2430 'sua
550 2380 703 2453 supraa
729 2352 838 2426 nobis
872 2352 1036 2452 exposita
1069 2353 1356 2427 consentientem
1390 2353 1549 2426 vidimus
1577 2356 1620 2453 ὅ).
1687 2352 1736 2426 Et
1765 2354 1928 2454 profecto
1956 2354 1987 2427 si

456 2456 658 2531 accuratius
684 2454 985 2555 perpenderimus
1008 2480 1101 2552 quae
1127 2454 1173 2528 de
1200 2482 1344 2528 summo
1377 2471 1570 2555 praecepto
1607 2456 1739 2529 morali
1772 2456 1987 2556 Athenago-

456 2587 535 2633 ram
562 2558 729 2632 docuisse
755 2556 960 2651 attulimus,
994 2554 1132 2630 dustini
1166 2557 1343 2630 doctrinis
1380 2557 1584 2653 simillima,
1620 2558 1708 2656 quin
1739 2558 1848 2632 etiam
1875 2559 1913 2630 in
1942 2556 1988 2630 iis

457 2661 663 2735 Stoicorum
699 2658 753 2731 vis
787 2671 1046 2758 cognoscatur,
1084 2660 1135 2732 ita
1168 2673 1208 2731 ut
1243 2657 1387 2734 Stoicae
1429 2660 1607 2734 formulae
1646 2660 1867 2734 christianae
1900 2658 1986 2732 fidei

455 2761 751 2837 accommodatae
778 2760 871 2856 sint,
899 2759 1060 2833 dubitari
1084 2787 1160 2833 non
1184 2774 1312 2859 potest
1365 2760 1490 2851 Quid?
1517 2761 1615 2860 quod
1643 2761 1751 2836 etiam
1774 2762 1871 2835 illius
1889 2760 1985 2835 Stoi-

391 2891 394 2897 ·
457 2891 582 2939 corum
614 2862 737 2963 placiti
771 2889 843 2961 quo
875 2862 1040 2961 spiritum
1081 2862 1276 2961 quemdam
1315 2890 1381 2962 per
1414 2878 1527 2937 totam
1570 2864 1761 2938 materiam
1797 2889 1986 2964 permeare

350 2977 353 2983 “
456 2968 599 3061 volunt,
642 2965 797 3065 vestigia
831 2963 929 3063 apud
964 2964 1241 3065 Athenagoram
1274 2966 1533 3040 inveniantur?
1595 2966 1691 3038 Nam
1727 2993 1839 3063 quum
1878 2965 1985 3060 dicat,

459 3068 678 3164 daemonas,
715 3067 841 3141 itidem
874 3080 913 3138 ut
942 3067 1059 3140 malos
1095 3067 1265 3167 angelos,
1300 3068 1363 3165 qui
1398 3067 1539 3141 nidoris
1574 3068 1674 3141 avidi
1712 3068 1759 3141 ad
1796 3068 1990 3141 simulacra

457 3170 627 3245 homines
650 3170 815 3265 trahant,
854 3194 1052 3266 eorumque
1087 3169 1219 3266 quibus
1256 3183 1394 3243 statuae
1428 3185 1569 3245 erectae
1601 3171 1695 3265 sint,
1732 3170 1886 3243 nomina
1917 3168 1989 3243 sibi

460 3287 651 3373 arrogent,
677 3272 851 3371 perficere
887 3284 928 3342 ut
960 3269 1006 3343 ad
1040 3271 1206 3344 infirmas
1240 3272 1401 3366 animas,
1440 3274 1544 3370 quasi
1578 3298 1600 3344 a
1636 3272 1840 3345 simulacris
1875 3273 1987 3365 fieret,

458 3376 538 3448 visa
555 3374 681 3447 inania
699 3372 901 3447 1111111111-
919 3372 957 3444 id
975 3372 1135 3445 animam
1159 3391 1234 3445 tum
1260 3374 1418 3448 maxime
1443 3375 1520 3473 pati
1542 3374 1656 3466 docet,
1676 3400 1786 3471 quum
1814 3372 1987 3447 materiae

460 3475 625 3576 spiritum
649 3474 721 3549 sibi
746 3474 927 3548 adsciscat
952 3474 1056 3571 eique
1083 3475 1381 3570 commisceatur,
1415 3503 1490 3549 non
1525 3476 1572 3550 ad
1595 3476 1764 3550 coelestia
1791 3500 1988 3572 eorumque

458 3578 625 3678 opificem
653 3576 717 3650 sed
742 3576 912 3650 deorsum
934 3576 981 3649 ad
1008 3576 1171 3651 hnmana
1191 3592 1359 3676 spectans
1374 3579 1416 3677 4).
1470 3578 1540 3651 Cui
1563 3578 1654 3652 haec
1678 3577 1815 3678 legenti
1841 3576 1989 3651 Tatiani

459 3706 550 3778 quas
576 3678 808 3779 exposuimus
832 3677 1018 3752 doctrinae
1044 3680 1081 3751 in
1110 3694 1269 3753 mentem
1294 3707 1369 3753 non
1396 3681 1588 3754 venerint?
1639 3679 1736 3753 Nam
1767 3680 1839 3753 hoc
1865 3678 1988 3751 ὑλικὸν

458 3788 619 3876 πνεῦμα,
644 3780 835 3854 materiam
860 3806 1063 3879 permeanS,
1090 3782 1188 3855 idem
1216 3797 1280 3875 est,
1304 3782 1403 3878 quod
1427 3781 1541 3856 Stoici
1564 3781 1712 3880 quidem
1729 3782 1851 3881 ipsum
1868 3781 1987 3855 Deum

459 3912 537 3961 esse
573 3882 763 3973 volebant,
808 3881 999 3954 christiani
1033 3909 1119 3957 vero
1158 3885 1373 3983 apologetae
1410 3884 1521 3984 longe
1557 3911 1579 3957 a
1611 3911 1780 3983 supremo
1816 3899 1851 3958 et
1888 3881 1987 3956 dictu

457 3988 596 4061 maiore
619 3986 698 4059 Deo
724 3982 859 4058 distare
883 3984 1073 4058 docebant
1126 3986 1229 4075 Quae
1255 4013 1342 4060 vero
1369 4012 1480 4083 quum
1506 3986 1618 4059 nimis
1642 3985 1801 4060 breviter
1826 3984 1988 4058 indicata

568 4217 599 4295 1)
622 4218 720 4277 Ritter
742 4221 761 4278 l.
784 4220 804 4277 l.
825 4239 856 4298 p.
881 4223 942 4281 606
966 4237 1030 4297 sqq.

566 4303 598 4381 2)
623 4305 671 4363 Dc
693 4317 850 4365 1111111111.
874 4327 897 4365 ο.
924 4307 980 4366 25:
1012 4302 1045 4362 τι)
1080 4300 1110 4363 δ’
1139 4299 1213 4363 aduri
1245 4305 1332 4377 σῶμα
1366 4301 1416 4381 τὴν
1446 4299 1536 4381 αὐτὴν
1572 4302 1668 4383 ψυχὴ-κ
1692 4301 1855 4385 ἀπολαβεῖν
1879 4303 1981 4369 ἄλλως

459 4389 510 4465 μέν
533 4386 699 4460 ἀδύνατοι,
723 4390 799 4451 κατὰ
823 4390 912 4468 μόνην
936 4392 966 4451 δι’
992 4390 1042 4468 riu
1063 4387 1228 4449 «lariorum
1258 4389 1404 4450 ὅοιοιιόι·
1436 4391 1544 4467 τοῦπος
1578 4386 1633 4467 γὰρ
1667 4393 1836 4468 γενομένης,
1868 4385 1916 4449 uui
1947 4388 1980 4447 ιό

461 4478 494 4552 τῇ
516 4475 602 4552 φύσει
625 4478 683 4536 τῶν
706 4473 878 4554 ἀνθρώπων
903 4475 1078 4555 nptieqopor
1101 4477 1306 4538 ἐπακολουθεῖ
1324 4480 1420 4546 τέλος.

567 4565 599 4642 3)
624 4566 672 4624 De
694 4574 850 4625 resurrect.
873 4586 897 4624 e.
921 4568 969 4625 25.
995 4575 998 4580 ’

567 4651 600 4727 4)
626 4650 731 4730 Suppl.
753 4673 778 4713 c.
805 4655 860 4712 27:
888 4653 993 4729 πρώιιι
1021 4645 1073 4725 μὲν
1105 4648 1135 4711 αιι
1158 4652 1210 4727 τῆς
1232 4652 1330 4730 ψυχῆς
1360 4647 1465 4727 ἄλογοι
1496 4646 1545 4709 καὶ
1574 4646 1806 4726 ἰνδαλματώόιις
1837 4644 1902 4722 περὶ
1933 4645 1987 4713 τὰς

461 4734 552 4809 δόξας
575 4735 700 4813 κινήσεις
721 4734 830 4799 ἄλλοτε
852 4733 932 4799 ἄλλα
956 4733 1079 4806 εἴδωλα,
1114 4734 1150 4797 τὰ
1178 4734 1231 4814 μὲν
1254 4734 1313 4798 ἀπὸ
1336 4741 1388 4814 τῆς
1412 4735 1482 4815 ὕλης
1506 4734 1640 4808 ἕλκουσι,
1669 4733 1705 4795 roi
1730 4731 1761 4794 δὲ
1785 4731 1891 4803 alvea·
1916 4730 1987 4793 dra·

460 4820 625 4883 πλάττουσι
656 4820 705 4882 καὶ
739 4828 853 4886 κυοῦσι·
884 4824 988 4905 πάσχει
1023 4819 1054 4885 di
1084 4827 1172 4883 τοῦτο
1206 4820 1286 4902 ψυχὴ
1315 4823 1447 4899 μάλισιοι
1480 4823 1531 4883 τοῦ
1563 4819 1665 4882 ὑλικοῦ
1697 4822 1910 4903 προςὶαβοῦσα
1938 4817 1987 4878 καὶ

459 4908 711 4987 ι’πισυγκροιθεῖσα
734 4909 920 4987 πνεύματος,
956 4908 991 4971 ori
1020 4908 1097 4987 πρὸς
1128 4910 1164 4970 τὰ
1193 4908 1319 4987 odorisio
1348 4910 1397 4973 καὶ
1426 4908 1478 4971 adr
1508 4907 1621 4969 ιυὺιωι
1648 4905 1769 4986 numeria
1800 4903 1880 4969 ἀλλὰ
1906 4903 1987 4967 adeo)

460 4998 535 5075 πρὸς
558 4995 595 5059 sd
622 4994 734 5075 ιἰιίγειιι
755 5000 907 5078 βλέπουσα
929 5000 1102 5067 καθολικῶς
1124 4996 1164 5066 εἰς
1187 4999 1248 5074 rip.
