5034 6084
1134 632 1274 703 -69

493 828 570 890 tum
592 827 656 890 est.
716 812 907 911 Nusquam
936 812 1034 887 enim
1070 811 1234 885 animam
1273 813 1419 914 corpori
1452 826 1617 913 tempore
1651 817 1886 916 praecedere,
1924 844 2011 891 nus·
2075 832 2080 843 ’

494 944 604 1017 qnam
631 915 755 1016 regiae
777 915 925 991 divinae
950 913 1082 989 mentis
1108 913 1324 1014 particulam
1348 942 1429 989 eam
1455 942 1535 991 esse
1562 916 1731 1018 legimus.
1790 918 1848 994 Ex
1874 946 2014 1020 magna

493 1021 558 1093 illa
583 1045 693 1118 quam
719 1019 865 1118 corpori
892 1016 1076 1092 tribuit
1042 1029 1167 1112 v1,et
1203 1043 1247 1091 ex
1282 1017 1449 1091 doctrina
1486 1020 1701 1119 saepissime
1734 1019 1861 1095 iterata
1894 1021 2014 1095 homi·
2037 1013 2042 1024 ’

494 1149 577 1197 nem
603 1120 683 1193 sine
709 1144 861 1218 corpore
894 1146 970 1193 non
1000 1144 1080 1193 esse
1113 1117 1321 1213 hominem,
1357 1144 1440 1192 cum
1472 1118 1674 1195 Platonicis
1713 1124 1898 1198 sententiis
1933 1149 2015 1198 eum

493 1249 569 1296 non
596 1221 823 1297 consensisse
849 1235 957 1322 patet.
1021 1219 1102 1294 Nec
1134 1220 1255 1294 minus
1295 1177 1461 1295 Platonis
1497 1224 1695 1297 sententias
1730 1225 1775 1299 de
1802 1226 2016 1325 corporibus

494 1325 598 1425 quasi
634 1323 791 1399 vinculis
826 1324 1033 1397 animarum
1068 1322 1368 1421 carceribusque,
1412 1350 1435 1396 a
1469 1324 1602 1441 quibus
1639 1326 1785 1402 animae
1818 1327 2017 1401 liberentur

492 1452 642 1503 necesse
668 1425 732 1521 sit,
757 1439 797 1499 ut
821 1425 939 1500 divini
971 1424 1134 1497 numinis
1169 1425 1359 1524 spectandi
1393 1426 1588 1543 participes
1626 1428 1734 1523 fiant,
1772 1429 1819 1502 ab
1854 1429 2016 1504 Athena-

492 1556 585 1631 gora
610 1482 820 1628 reprobari,
848 1540 1013 1628 apertum
1042 1539 1096 1600 est
1104 1553 1254 1625 ,quum
1280 1527 1427 1624 doceat,
1395 1528 1618 1602 tanimam
1643 1556 1719 1604 una
1749 1555 1833 1604 cum
1868 1556 2019 1631 corpore

492 1630 703 1706 resuscitato
729 1630 914 1729 plenam
904 1655 1001 1729 rmpe
1003 1584 1177 1701 tratuiam
1204 1656 1284 1704 esse
1309 1584 1583 1705 beatitbdinem.
1636 1631 1738 1707 Nihil
1760 1647 1948 1732 praeterea
1974 1631 2019 1706 de

492 1733 599 1808 tertia
625 1731 784 1831 quadam
810 1731 972 1805 hominis
994 1744 1141 1825 natura,
1167 1729 1263 1804 nihil
1289 1732 1336 1807 de
1360 1732 1569 1807 animarum
1596 1733 1636 1806 in
1668 1735 1741 1807 alia
1768 1759 1924 1833 corpora
1949 1734 2019 1807 rni-

520 1848 575 1909 rat
577 1835 660 1909 ione
690 1832 820 1927 habet,
858 1835 1021 1907 omnium
1059 1786 1218 1931 denique
1255 1833 1422 1909 Platonis
1450 1835 1668 1935 placitorum
1704 1836 1837 1953 quibus
1870 1835 2021 1937 propria

491 1864 636 2011 Plat
561 1936 705 2011 tonicae
738 1890 1043 2036 anthropologiae
1081 1933 1224 2008 indoles
1269 1937 1449 2033 cernitur,
1491 1938 1633 2010 nullum
1675 1938 1876 2038 reperimus
1921 1937 2020 2038 apud

491 2039 780 2139 Athenagoram.

611 2140 807 2215 Neminem
834 2155 920 2214 cont
920 2166 980 2236 ra,
1016 2140 1079 2238 qui
1106 2138 1368 2240 Athenagorae
1401 2139 1508 2214 dictis
1542 2141 1745 2215 accuratius
1780 2138 2019 2215 consideratis

492 2269 575 2317 cum
601 2242 807 2316 Stoicorum
840 2242 984 2342 placitis
1025 2269 1069 2315 ea
1101 2241 1313 2338 contulerit,
1358 2268 1535 2343 magnam
1573 2244 1669 2318 inter
1700 2261 1852 2341 utraque
1886 2240 2021 2342 placita

493 2345 751 2446 cognationem
780 2345 907 2419 latebit
934 2370 1025 2419 esse

605 2443 748 2520 Stoicae
773 2446 1029 2546 philosophiae
1053 2460 1189 2545 quanta
1224 2444 1334 2520 fuerit
1320 2445 1555 2520 tauctoritas
1584 2447 1632 2521 ad
1659 2445 1877 2522 excolendas
1904 2445 2018 2520 Athe·

490 2575 653 2665 nagorae
681 2547 866 2622 doctrinas
894 2549 1038 2649 saepius
1064 2550 1308 2649 cognoscitur.
1359 2545 1480 2621 lam
1469 2574 1509 2620 ιιι
1535 2548 1665 2665 logicis
1690 2549 1788 2623 illius
1803 2547 2021 2679 disciplinae

492 2650 647 2751 vestigia
672 2651 824 2750 reperiri
850 2650 1029 2745 videntur,
1056 2677 1167 2748 quum
1194 2650 1392 2724 discrimen
1418 2650 1649 2725 faciat1nter
1679 2652 1810 2751 prima
1828 2650 2020 2752 principia,

494 2780 586 2852 quae
612 2766 651 2826 ut
676 2753 937 2828 confirmentur
961 2753 1039 2827 sola
1066 2779 1156 2852 opus
1195 2778 1275 2826 esse
1310 2751 1561 2827 admonitione
1594 2753 1642 2826 ad
1674 2754 1875 2828 naturalem
1898 2753 2021 2827 notio-

492 2883 577 2930 nem
602 2854 832 2930 excitandam
853 2869 888 2930 et
912 2855 967 2929 int
968 2881 1008 2928 er
1033 2880 1094 2949 ea,
1129 2880 1223 2951 quae
1249 2853 1538 2928 secundumt
1474 2867 1538 2928 nat
1538 2882 1643 2929 uram
1668 2882 1713 2930 ex
1738 2856 1866 2956 primis
1892 2879 2020 2929 conse-

494 2971 661 3055 quantur.
706 2955 749 3029 Ἦ
781 2986 852 3030 των
887 2963 946 3051 τῆς
980 2955 1158 3050 ἀληθείας
1192 2952 1440 3049 δογμάτων
1418 2984 1438 3049 ιι
1473 2962 1545 3029 τιιιν
1584 2956 1750 3030 ὁπωσοῦν
1782 2959 1832 3039 εις
1866 2958 2020 3044 ἐξέτασιν

492 3063 804 3190 προβαλλομένων
826 3059 1024 3149 ἀπόδειξις,
1049 3064 1112 3153 τὴν
1137 3056 1281 3152 απλανῆ
1306 3065 1378 3139 τοῖς
1405 3063 1614 3152 λεγομένοις
1645 3060 1862 3159 ἐπιφέοσυσιι
1895 3073 2018 3149 πίστιν,

464 3162 556 3236 ὀυκ
584 3164 723 3250 ἔξωθέν
749 3164 913 3237 ποθεν
892 3189 962 3255 ιχιι
989 3166 1051 3257 τιν
1077 3159 1207 3261 υρχήν,
1235 3159 1316 3234 οὐδ’
1343 3162 1381 3233 ἐκ
1402 3168 1473 3233 τῶν
1490 3188 1558 3235 τισι
1579 3164 1778 3236 δοκούντων
1801 3161 2017 3257 ἢιιιιισγμέ-

491 3293 584 3360 νων,
611 3263 698 3337 ἀλλ’
725 3264 763 3337 ἐκ
789 3273 848 3361 τῆς
868 3271 987 3360 κοινῆς
1017 3272 1078 3337 και
1109 3269 1257 3358 φυσικῆς
1285 3264 1443 3346 ιννοίας
1449 3262 1471 3359 ἢ
1502 3272 1561 3361 τῆς
1594 3273 1685 3366 πρὸς
1715 3272 1758 3339 τοι
1793 3271 1916 3366 πρώτα
1949 3271 2020 3337 τῶν

493 3323 666 3467 ὃευτιριυν
693 3365 926 3451 ακολουθίας.
969 3366 1017 3439 ΙΙ
1046 3373 1119 3466 γὰρ
1146 3377 1227 3467 περὶ
1262 3373 1333 3439 ιιιιν
1366 3374 1521 3466 πρώτων
1550 3369 1619 3442 ἐστι
1652 3372 1845 3464 δογμάτων
1878 3397 1939 3441 και
1967 3370 2022 3442 ιιιῖ

489 3479 602 3565 μόνης
626 3470 861 3565 ὑπομνήσεως
884 3478 943 3566 τῆς
968 3477 1029 3565 τὴν
1053 3476 1205 3564 φυσικὴν
1230 3468 1467 3594 υνυκινσύσιις
1493 3474 1647 3562 ἔννοιαν,
1681 3471 1704 3567 ἢ
1729 3500 1810 3572 περι
1832 3500 1903 3544 των
1927 3478 2018 3545 κατὰ

491 3600 597 3668 φυσιν
629 3575 816 3667 ἑπομένων
845 3581 917 3656 τοῖς
951 3600 1106 3673 πρωτοις
1138 3582 1200 3645 και
1237 3579 1296 3665 τῆς
1322 3579 1470 3666 φυσικῆς
1500 3572 1742 3666 ακολουθίας,
1778 3584 1838 3648 καὶ
1874 3577 1929 3648 δεῖ
1960 3581 2018 3668 τῆς

491 3677 548 3750 ἐπὶ
572 3683 704 3757 τούτοις
718 3683 877 3814 μίξεως,
917 3677 1117 3757 ιιιικνυντας
1141 3688 1176 3748 τι
1194 3682 1266 3756 τοῖς
1288 3676 1444 3770 πρώτοις
1465 3673 1488 3770 ἢ
1509 3684 1580 3760 τοῖς
1606 3691 1903 3779 προτεταγμένοις
1928 3705 2016 3749 cao·

491 3781 622 3854 λουθεῖ
645 3807 709 3852 κατ
718 3778 936 3873 ἀλήθειαν
961 3784 1035 3851 κτλ.
1065 3778 1135 3880 (ι)ο
1161 3790 1349 3852 resurrect.
1378 3802 1408 3851 c.
1439 3779 1524 3879 14).

604 3880 677 3971 Qui
704 3883 853 3980 quidem
879 3883 981 3956 locus
1007 3881 1186 3955 idemt
1132 3892 1186 3954 est
1195 3904 1342 3977 ‚quem
1359 3878 1555 3956 Clarissius
1571 3882 1742 3976 laudavit7
1768 3907 1840 3978 quo
1858 3881 2020 3955 Athena-

490 4010 603 4084 gorae
636 3983 902 4058 Platonismnm
937 3983 1120 4083 probaret.
1182 3936 1355 4055 Attamen
1387 4008 1506 4081 neque
1539 3983 1720 4057 hocloco
1752 3982 1797 4057 de
1830 3981 2021 4057 Platonica

490 4086 656 4161 idearum
694 4087 873 4161 recordat
848 4101 947 4161 tione
980 4086 1120 4159 locutus
1157 4094 1211 4156 est
1244 4082 1519 4184 Athenagoras.
1563 4113 1656 4184 quae
1690 4083 1773 4159 Plat
1758 4083 1855 4159 tonis
1895 4084 2020 4201 opinio

491 4203 683 4288 propterea
708 4215 731 4262 a
757 4188 955 4264 serioribus
982 4184 1214 4287 philosophis
1238 4210 1420 4284 nusquam
1445 4187 1561 4262 refelli
1587 4188 1747 4283 videtur,
1775 4186 1909 4285 quod
1899 4212 2019 4286 rpsum

488 4303 631 4390 tempus
658 4289 704 4365 de
730 4291 868 4365 caiam
894 4291 958 4365 diu
979 4287 1202 4363 iudicaverat
1216 4286 1256 4386 ¹).

605 4390 663 4465 Ex
689 4394 871 4468 contrario
905 4393 996 4467 haec
1025 4394 1173 4485 φυσικῆς
1205 4389 1342 4471 ἐννοίας
1377 4390 1479 4464 notio
1510 4391 1559 4465 ad
1593 4391 1737 4467 Stoicae
1764 4389 2021 4491 philosophiae

491 4494 685 4568 formulam
711 4521 780 4567 nos
802 4508 966 4590 revocat,
1001 4494 1052 4567 ita
1078 4507 1117 4567 nt
1142 4492 1239 4565 hanc
1275 4491 1575 4569 cohaer'entcm
1564 4496 1793 4569 mveniamus
1828 4517 1910 4566 cum
1946 4507 2021 4567 tota

493 4621 603 4693 quam
642 4595 729 4671 velit
715 4597 957 4697 tapologeta
995 4609 1119 4671 noster
1153 4605 1304 4669 naturae
1338 4594 1522 4671 humanae
1556 4597 1697 4672 ratione
1719 4596 1763 4697 2.)
1826 4593 1955 4693 Neque
1980 4595 2018 4668 id

711 4762 858 4774 ——

603 4844 767 4922 namo,
792 4842 971 4905 Geschichte
995 4846 1048 4907 der
1070 4847 1267 4925 Philosophia
1289 4847 1349 4921 ΙΙΙ,
1376 4867 1406 4926 p
1430 4849 1502 4906 533.

601 4930 723 5031 2JQuo
741 4935 831 4992 etiam
853 4931 884 4991 id
915 4943 1054 5012 spectare
1082 4934 1204 4993 videtur
1237 4933 1317 5013 quod
1348 4934 1420 4993 dicit
1443 4932 1481 4992 de
1511 4932 1593 5008 κοινῇ
1625 4927 1748 4991 πάντων
1779 4931 1875 5011 incip
1903 4929 2018 4991 ἐκδιδα-

490 5036 600 5094 σκουσι
622 5012 700 5095 ἡμᾶς
721 5037 746 5081 e.
764 5021 813 5078 24.
836 5019 909 5080 cf..c
931 5020 1254 5095 143240t25.1)0
1278 5020 1443 5081 Stoicorum
1468 5019 1605 5078 doctrina
1627 5038 1656 5077 v.
1674 5018 1774 5079 Ritter
1797 5020 1816 5077 1.
1832 5019 1851 5078 ι.
1862 5038 1892 5097 p.
1902 5020 2018 5097 545sq.
