5034 6084
1177 657 1222 729 18

540 860 665 958 ltaque
694 857 725 931 si
750 857 948 931 nonnullos
975 856 1121 929 illorum
1148 856 1314 932 dentium
1341 856 1404 955 qui
1426 856 1464 930 in
1488 884 1626 933 novum
1652 859 1830 932 mundum
1858 861 1977 960 porri-

441 975 586 1064 guntur,
615 960 805 1060 exquirere
832 985 1019 1053 conamur,
1056 958 1211 1060 vestigia
1237 958 1320 1032 dico
1349 959 1522 1057 antiquae
1548 960 1804 1061 philosophiae
1831 962 1978 1061 siquae

441 1064 675 1138 inveniantur
710 1063 748 1134 in
781 1061 923 1159 scriptis
954 1087 1079 1134 eorum
1106 1060 1287 1156 virorum,
1324 1060 1387 1160 qui
1422 1062 1533 1161 primi
1561 1062 1871 1137 christianismum
1902 1077 1979 1138 arte

443 1167 628 1264 literisque
644 1163 904 1259 defendebant,¹
925 1176 1070 1264 praeter
1083 1161 1312 1236 Platonicam
1331 1178 1367 1237 et
1380 1163 1671 1238 Alexandrinam
1694 1165 1979 1265 philosophiam,

442 1267 624 1366 imprimis
652 1266 884 1340 Stoicismum
908 1290 931 1337 a
956 1264 1065 1338 nobis
1099 1264 1231 1364 respici
1253 1291 1345 1364 opus
1372 1279 1436 1339 est.
1496 1267 1616 1366 Apolo
1646 1279 1725 1340 ctae
1757 1293 1832 1340 non
1857 1267 1979 1368 ignari

444 1370 591 1468 quidem
617 1384 722 1443 erant
753 1367 1001 1441 doctrinarum
1029 1365 1266 1464 Aristotelis,
1286 1365 1378 1439 sicut
1404 1365 1590 1441 Justinum
1616 1294 1857 1468 Peripatetico
1893 1396 1980 1469 ope-

448 1498 528 1545 ram
552 1497 706 1544 navasse
736 1496 847 1568 supra
870 1468 943 1541 iam
969 1467 1145 1564 vidimus3
1182 1481 1291 1567 atque
1324 1469 1422 1568 apud
1448 1470 1724 1569 Athenagoram
1757 1497 1833 1543 non
1862 1472 1980 1545 solum

445 1572 764 1668 commemorati0‚
796 1568 861 1645 sed
892 1570 1001 1644 etiam
1034 1569 1180 1645 reiectio
1218 1570 1469 1644 doctrinarum
1506 1571 1748 1669 quarumdam
1775 1571 1980 1647 Aristoteli-

446 1700 570 1749 carum
597 1674 776 1773 reperitur
787 1672 828 1773 ¹),
855 1672 970 1745 immo
988 1670 1173 1745 interdum
1191 1672 1400 1746 Aristotelis
1421 1672 1658 1773 philosophia
1678 1674 1752 1747 vim
1782 1673 1981 1772 quamdam

446 1769 493 1851 ad
516 1777 776 1877 Athenagorae
799 1773 984 1849 doctrinas
1007 1773 1226 1848 excolendas
1247 1774 1422 1850 habuisse
1448 1774 1642 1875 1111011112),
1668 1775 1731 1849 sed
1749 1776 1982 1851 Aristotelica

446 1878 681 1979 philosophia
705 1878 779 1950 iarn
807 1877 846 1949 in
873 1876 954 1975 ipsa
981 1875 1117 1972 schola,
1153 1902 1247 1974 quae
1271 1902 1352 1952 eam
1373 1877 1538 1952 excolere
1565 1877 1797 1977 suscipiebat,
1825 1891 1932 1976 atque
1958 1907 1981 1952 a

446 1980 575 2081 primis
602 1980 680 2055 eius
704 1978 885 2078 capitibus
911 1978 1185 2077 amputabatur3
1225 1978 1494 2095 metaphysica,
1529 2006 1648 2079 neque
1682 1980 1733 2054 ita
1757 1979 1872 2054 multo
1898 1996 1982 2081 post

447 2083 601 2184 physica
626 2080 926 2182 negligebantur,
963 2092 1072 2178 atquc
1094 2094 1238 2179 praeter
1264 2080 1402 2155 ethicas
1435 2081 1709 2180 disquisitiones
1732 2108 1826 2181 quae
1851 2084 1979 2183 vulga-

448 2211 525 2257 rem
552 2185 838 2285 popularemque
870 2181 1028 2254 formam
1055 2182 1303 2282 accipiebant,
1339 2182 1490 2256 nonnisi
1516 2183 1684 2258 doctrina
1720 2198 1756 2258 et
1778 2184 1933 2259 eruditio
1958 2213 1981 2259 a

449 2286 576 2359 schola
603 2283 957 2359 commendabantur
970 2286 1012 2382 ³).
1071 2282 1319 2358 Platonismus
1353 2298 1481 2358 contra
1507 2297 1542 2359 et
1567 2284 1783 2360 Stoicismus
1816 2287 1880 2384 qui
1903 2300 1980 2360 tum

447 2389 558 2489 longe
585 2390 726 2485 lateque
742 2385 937 2487 propagati
957 2398 1070 2482 erant,
1097 2385 1172 2459 iarn
1189 2399 1340 2487 propter
1360 2385 1525 2485 ipsorum
1543 2400 1722 2484 naturam,
1751 2387 1982 2463 Christianos
2047 2377 2059 2402 ⁹

446 2490 749 2592 philosophantes
771 2488 891 2588 magis
923 2513 1033 2586 quam
1061 2501 1201 2563 ceterae
1234 2487 1452 2587 disciplinae
1479 2488 1699 2563 alliciebant.
1758 2490 1885 2587 Itaque
1911 2490 1981 2563 irn-

447 2592 578 2694 primis
605 2590 816 2664 Platonicae
841 2595 884 2664 'et
908 2587 1052 2664 Stoicae
1083 2590 1343 2689 philosophiae
1378 2589 1533 2691 vestigia
1569 2591 1760 2689 exquirere
1796 2607 1981 2688 conantes,

393 2742 395 2748 .
450 2696 535 2767 data
566 2693 757 2766 occasione
792 2690 946 2765 aliarum
976 2691 1255 2793 disciplinarum
1287 2691 1381 2788 vim,
1419 2694 1450 2766 si
1483 2719 1592 2791 quam
1624 2694 1808 2767 inventuri
1844 2720 1980 2789 sunum,

450 2795 832 2871 commemorabimus.

544 2887 595 2971 ln
618 2898 751 2996 quibus
775 2895 939 2995 vestigiis
959 2895 1227 2997 investigandis
1249 2896 1479 2997 singulorum
1496 2897 1771 2998 apologetarum
1795 2897 1983 2972 doctrinas

450 3027 525 3073 non
553 2999 748 3099 separatim
783 3024 910 3072 omnes
944 2997 983 3070 in
1010 2996 1313 3098 disceptationem
1338 2997 1569 3094 vocabimus,
1605 2998 1669 3074 sed
1702 3027 1814 3098 quum
1841 3000 1917 3075 fere
1943 3002 1982 3074 in

450 3131 493 3178 eo
522 3101 620 3201 quod
647 3101 694 3174 ad
721 3099 931 3175 essentiales
958 3099 1147 3174 doctrinae
1173 3116 1295 3199 partes
1322 3101 1467 3194 attinet,
1493 3102 1733 3197 consentiant,
1760 3102 1982 3177 distribuen-

451 3206 519 3278 dae
546 3202 813 3303 disquisitionis
839 3216 986 3275 nostrae
1013 3196 1105 3275 r'atio
1131 3228 1176 3276 ex
1202 3228 1329 3276 eorum
1350 3201 1431 3301 ipso
1453 3215 1648 3300 systemate
1667 3202 1885 3278 deducenda
1902 3230 1981 3279 esse

451 3305 602 3402 videtur,
630 3332 742 3403 quare
768 3303 993 3377 differentias
1014 3303 1262 3376 doctrinarum
1287 3303 1458 3402 quodque
1485 3303 1640 3403 singulis
1666 3305 1870 3405 apologetis
1896 3332 1982 3406 pro-

451 3407 573 3508 prium
600 3421 670 3503 est,
706 3433 771 3479 suo
797 3406 879 3479 loco
908 3405 1135 3479 observaturi
1161 3419 1196 3480 et
1218 3405 1433 3505 explicaturi
1459 3431 1595 3478 sumus.
1660 3405 1880 3505 Plerumque
1906 3407 1982 3483 fere

452 3507 635 3583 adustini
662 3507 839 3582 doctrinis
871 3506 1056 3607 proficisci
1082 3507 1301 3606 poterimus,
1317 3577 1319 3580 .
1333 3508 1367 3580 is
1395 3507 1482 3605 quia
1502 3534 1591 3606 prae
1618 3508 1746 3583 ceteris
1778 3510 1983 3610 apologetis

453 3611 617 3685 omnium
662 3610 911 3684 doctrinarum
957 3635 1106 3683 suarum
1145 3609 1358 3709 expetiverit
1397 3609 1633 3683 concordiam
1681 3625 1981 3711 concentumque.

454 3712 679 3813 Scriptorum
714 3711 851 3786 Justini
889 3738 982 3811 quae
1020 3709 1179 3808 exstant,
1218 3710 1414 3811 praecipue
1450 3710 1498 3783 ad
1533 3710 1624 3785 duas
1655 3713 1858 3813 apologias·
1874 3729 1909 3789 et
1934 3714 1982 3788 ad

453 3816 650 3915 Dialogum
669 3840 752 3888 curn
770 3813 972 3912 Tryphone
994 3813 1172 3910 habiturn,
1201 3812 1361 3911 denique
1382 3812 1430 3886 ad
1450 3813 1708 3914 fragmentum,
1737 3815 1837 3913 quod
1854 3830 1980 3912 exstat,

453 3917 498 3992 de
521 3917 786 3991 resurrectione
810 3928 1038 3988 mortuorum
1064 3914 1336 4016 delegabimus,
1372 3941 1492 4013 neque
1518 3917 1725 3989 omittemus
1750 3916 1982 3991 (1010110110-

453 4047 537 4094 110111
560 4018 609 4091 ad
633 4018 806 4110 Graecos,
833 4043 927 4116 quae
952 4017 1019 4090 etsi
1043 4012 1191 4090 «Iustino
1215 4017 1371 4092 fortasse
1396 4016 1644 4091 abiudicanda
1667 4017 1730 4113 sit,
1767 4032 1889 4094 tamen
1915 4047 1983 4120 pro

452 4121 602 4222 ingenio
628 4120 726 4219 quod
751 4120 865 4220 spirat
881 4118 930 4192 ad
946 4116 1258 4219 apologeticorum
1280 4119 1498 4218 scriptorum
1521 4119 1656 4195 saeculi
1678 4119 1830 4193 secundi
1852 4122 1983 4196 seriem

451 4224 617 4324 pertinet.
670 4223 807 4296 Verum
834 4221 883 4295 ad
906 4219 1134 4321 dogmaticas
1152 4217 1289 4293 Justini
1313 4220 1499 4294 doctrinas
1520 4220 1797 4322 cognoscendas
1819 4223 1983 4321 paullum

452 4326 524 4401 1100
548 4325 722 4425 scriptum
748 4321 908 4419 adiuvat,
935 4322 1038 4396 cuius
1062 4335 1188 4396 auctor
1208 4321 1331 4396 minus
1353 4348 1500 4396 suarum
1523 4323 1773 4397 doctrinarum
1799 4324 1982 4399 defensio-

392 4437 400 4454 ·
453 4454 557 4523 nem,
594 4454 705 4526 quam
739 4452 895 4527 graecae
929 4425 1052 4499 theolo
1081 4424 1139 4498 iae
1165 4423 1443 4498 dissolutionem
1469 4424 1542 4499 sibi
1594 4425 1768 4525 reposuit.
1834 4413 1983 4500 'Patiani

453 4529 689 4630 respiciemus
722 4527 938 4603 Orationem
970 4525 1018 4602 ad
1053 4452 1233 4622 eraecos,
1272 4525 1532 4628 Athenagorae
1567 4454 1879 4627 Pupplicationem
1914 4555 1982 4627 pro

563 4777 590 4858 1)
613 4777 650 4839 cl.
674 4778 790 4860 Corpus
813 4780 989 4861 Apologett.
1011 4779 1059 4840 ed.
1082 4778 1155 4840 Otto
1178 4779 1327 4855 Athenag.
1353 4800 1380 4858 p.
1397 4778 1525 4853 ao,7A.

562 4869 590 4946 2)
613 4866 650 4924 cf.
672 4867 771 4926 Ritter
792 4866 921 4940 „Gesch
946 4867 974 4928 d.
997 4867 1110 4926 Philos.
1131 4866 1183 4939 V.‚
1207 4868 1280 4926 321.
1325 4868 1361 4927 cl.
1385 4888 1414 4946 p.
1439 4870 1509 4927 315.
1558 4867 1666 4925 Athen.
1690 4867 1763 4943 Lag.
1788 4886 1816 4945 p.
1841 4870 1890 4927 61.
1937 4867 1984 4926 Dc

454 4963 601 5013 resurrect
623 4973 651 5030 p.
677 4955 738 5012 198
761 4973 826 5033 sqq.

563 5040 591 5121 3)
614 5038 651 5100 cl.
675 5040 773 5100 Zeller
794 5039 815 5099 l.
836 5038 856 5099 l.
880 5036 913 5096 II
935 5057 965 5117 p.
988 5039 1050 5097 575
1073 5056 1138 5118 sqq.
