5034 6084
1134 610 1269 722 Ι36

491 800 643 890 vabant,
672 795 735 869 sed
763 793 862 892 quod
889 820 912 865 a
938 802 1120 866 creatione
1147 791 1216 865 Dei
1240 789 1395 892 profecti
1418 806 1453 863 et
1477 820 1592 892 usque
1619 794 1665 868 ad
1694 823 1876 870 summum
1905 797 2023 870 Deum

490 900 677 1003 progressi
704 898 752 970 ad
778 896 855 996 logi
885 894 1073 967 notionem
1099 894 1372 993 perveniebant.
1425 892 1559 994 Utique
1592 898 1678 971 huic
1704 900 1750 973 de
1777 900 1863 999 logo
1889 898 2023 971 doctri-

489 1031 560 1078 nae
586 1004 637 1076 ita
661 1000 824 1075 excultae
851 996 1110 1097 cogitationem
1135 996 1356 1071 christianae
1380 999 1433 1073 rei
1460 999 1646 1098 propriam
1674 1001 1810 1095 inesse,
1839 1000 1946 1075 facile
1966 1001 2023 1073 in·

491 1105 676 1205 telligitur.
712 1101 809 1174 Nam
835 1098 982 1174 ethnica
1008 1097 1196 1198 cogitandi
1215 1099 1309 1172 ratio
1336 1128 1358 1173 a
1383 1101 1538 1201 physica
1565 1102 1723 1200 quadam
1751 1103 1923 1203 analogia
1938 1129 2024 1202 pro-

493 1211 606 1301 fecta,
640 1203 919 1278 naturalismum
945 1227 1019 1273 non
1058 1200 1242 1298 superavit
1276 1201 1315 1274 in
1350 1202 1550 1277 excolenda
1576 1204 2025 1290 emanationis-doctrina,

492 1307 701 1386 christianis
727 1331 814 1407 vero
841 1304 933 1376 haec
954 1304 1139 1375 emanatio
1175 1302 1295 1376 ethica
1333 1319 1411 1379 erat
1443 1305 1558 1400 actio,
1588 1307 1638 1379 ita
1665 1323 1704 1379 ut
1727 1334 1785 1381 res
1807 1320 1884 1380 tota
1910 1333 2025 1404 eaque

404 1423 414 1446 '
492 1412 539 1486 ad
566 1409 815 1484 auctoritatem
842 1405 1014 1502 antiquae
1038 1402 1296 1503 philosophiae
1316 1408 1476 1505 ,physica
1512 1406 1560 1480 ad
1586 1409 1744 1483 ethicam
1770 1409 2026 1482 transferretur

493 1514 684 1587 rationem.
746 1508 849 1598 Quae
880 1534 992 1604 quum
1027 1505 1078 1577 ita
1108 1505 1196 1600 sint,
1236 1507 1416 1581 mundum
1442 1510 1718 1613 apologetarum
1746 1511 1924 1585 sententia
1949 1536 2025 1582 non

495 1616 572 1692 siue
599 1612 752 1687 consilio
782 1609 941 1708 quodam
976 1622 1137 1681 creatum
1169 1634 1266 1703 esse,
1295 1627 1505 1711 promptum
1539 1639 1695 1710 eumque
1727 1639 1845 1710 neque
1870 1610 2025 1688 aeternis

496 1715 764 1792 evolutionibus
791 1712 993 1786 subiectum
1028 1735 1147 1806 neque
1183 1712 1373 1785 materiam
1410 1713 1606 1811 quamdam
1641 1714 1720 1788 sine
1742 1716 1818 1787 ulla
1843 1713 2027 1788 intermis-

497 1820 598 1892 sione
622 1845 640 1890 a
669 1831 791 1890 mente
818 1813 943 1887 divina
969 1811 1018 1884 ad
1040 1811 1349 1910 pulchritudinem
1374 1816 1586 1911 formatam,
1613 1816 1696 1889 illos
1723 1816 1895 1891 habuisse
1921 1842 2027 1913 aper·

496 1937 573 1995 tum
596 1935 659 1994 est.
720 1918 800 1992 lmo
825 1941 911 1988 vero
936 1914 1054 1988 Deum
1081 1914 1274 1988 hominurn
1300 1918 1421 2017 gratia
1440 1910 1620 1991 mnndum
1648 1943 1806 2012 creasse,
1842 1918 2028 2017 explorate

498 2022 739 2116 contendunt,
786 2018 844 2092 cni
887 2015 1086 2089 sententiae
1121 2016 1218 2116 apud
1261 2044 1389 2094 omnes
1424 2020 1500 2095 fere
1537 2020 1751 2121 apologetas
1790 2019 2027 2093 occurrimus.

438 2119 443 2125 ’
496 2126 616 2199 Deum
642 2123 769 2196 omnia
786 2118 891 2193 initio
914 2144 959 2191 ex
980 2117 1130 2190 informi
1149 2120 1300 2193 materia
1320 2122 1512 2195 hominum
1527 2147 1657 2195 caussa
1671 2122 1889 2215 condidisse,
1918 2120 2027 2193 Chri-

499 2227 625 2300 stianis
650 2249 865 2324 persuasum
889 2221 1000 2293 fuisse
1036 2220 1178 2314 dicunt,
1219 2223 1283 2319 qui
1314 2224 1344 2296 si
1377 2224 1484 2325 digni
1505 2225 1708 2298 manserint
1730 2225 1903 2324 operibus
1929 2222 2027 2295 illius

498 2329 535 2402 id
563 2325 730 2426 adepturi
757 2324 848 2419 siut,
880 2338 920 2395 ut
952 2348 1034 2395 cum
1066 2350 1108 2396 e0
1144 2322 1282 2424 degant
1314 2341 1422 2424 atque
1447 2346 1522 2399 uua
1548 2340 1703 2425 regnent
1726 2325 1970 2427 corruptionis
1995 2337 2030 2397 et

497 2428 745 2531 perpessionis
771 2438 935 2526 expertes
951 2425 991 2524 ¹).
1052 2424 1179 2523 ltaque
1209 2452 1301 2524 opus
1335 2455 1357 2500 a
1378 2427 1458 2503 Deo
1492 2429 1683 2502 hominum
1719 2454 1847 2501 caussa
1880 2428 2028 2520 factum,

499 2534 652 2605 adorare
684 2531 831 2622 nolunt,
870 2553 989 2624 neque
1022 2552 1113 2625 quos
1149 2528 1340 2602 hominum
1375 2530 1562 2603 ministros
1588 2531 1675 2605 fecit
1700 2531 1819 2627 Deus,
1854 2530 1968 2603 solem
1995 2546 2030 2600 et

498 2636 623 2707 lunam
642 2634 693 2731 2);
732 2631 794 2706 sed
846 2656 930 2705 eum
966 2628 1139 2721 adorant,
1184 2630 1245 2727 qui
1283 2632 1459 2707 homines
1496 2631 1641 2725 dilexit,
1683 2647 1905 2732 quapropter
1943 2630 2030 2704 fecit

497 2734 694 2829 mundum,
732 2733 866 2832 quibus
887 2731 927 2804 in
953 2746 1050 2805 terra
1079 2732 1234 2806 subiecit
1254 2732 1397 2830 omnia,
1434 2735 1567 2832 quibus
1593 2734 1773 2808 rationem
1799 2749 2030 2830 mentemque

500 2837 610 2932 dedit,
636 2837 824 2934 filiumque
849 2835 949 2907 misit
975 2860 1079 2906 suum
1098 2834 1339 2933 unigenitum,
1367 2836 1500 2934 quibus
1519 2836 1673 2911 coeleste
1689 2836 1859 2937 promisit
1875 2861 2031 2935 regnum

500 2956 535 3014 et
560 2939 664 3013 dabit
687 2940 717 3012 si
745 2939 862 3038 ipsum
892 2936 1086 3011 dilexerint
1104 2937 1146 3036 ὃ).
1183 2936 1238 3010 lta
1261 2965 1347 3012 vero
1375 2966 1468 3037 quae
1494 2939 1647 3039 ingenia
1672 2937 1812 3011 tamdiu
1829 2962 2029 3037 occupave-

500 3057 557 3115 rat
591 3066 775 3140 quamque
811 3041 989 3138 attingere
1027 3039 1269 3112 emanationis
1303 3040 1470 3114 doctrina
1508 3042 1555 3114 ab
1590 3039 1853 3116 Alexandrinis
1885 3054 2032 3138 recepta

499 3148 634 3218 trustra
657 3157 787 3216 conata
813 3155 907 3235 erat,
944 3142 1158 3237 exaequatio
1194 3141 1258 3214 illa
1294 3142 1480 3216 orientalis
1511 3158 1546 3216 et
1578 3142 1813 3216 occidentalis
1849 3141 1894 3215 de
1920 3140 2030 3215 rebus

501 3246 760 3321 sententiarum
787 3259 865 3317 tum
891 3242 1081 3343 evangelio
1108 3244 1268 3317 revelato
1300 3244 1449 3319 inventa
1483 3258 1570 3318 erat.
1625 3244 1680 3316 Ea
1706 3270 1819 3341 quarn
1844 3241 2032 3315 orientalis

499 3347 735 3449 philosophia
759 3346 919 3420 maxime
944 3346 1108 3419 voluerat
1129 3359 1166 3419 et
1192 3361 1314 3420 secuta
1341 3361 1427 3442 crat,
1453 3346 1569 3418 animi
1587 3345 1831 3444 tranquillitas
1849 3343 2032 3418 retineba-

503 3464 579 3544 tur,
606 3475 725 3547 neque
751 3448 993 3522 abiiciebatur
1018 3448 1127 3520 huius
1154 3448 1364 3522 mundanae
1390 3448 1486 3523 vitae
1513 3448 1612 3546 quod
1635 3448 1775 3521 bonum
1794 3461 1868 3538 est3
1897 3446 1934 3518 in
1960 3471 2033 3543 qua

502 3552 615 3653 igitur
640 3578 716 3623 non
741 3550 877 3624 diutius
903 3550 1046 3623 vanitas
1083 3566 1119 3623 et
1152 3550 1335 3624 simulatio
1370 3551 1682 3651 conspiciebatur,
1726 3576 1844 3649 neque
1879 3575 1923 3621 ex
1954 3548 2033 3621 eius

502 3652 803 3751 intranquillitate
827 3653 986 3752 elingere
1011 3650 1071 3725 vel
1106 3678 1128 3725 a
1153 3652 1313 3727 vanitate
1340 3652 1417 3727 eius
1450 3654 1611 3753 effugere
1635 3678 1785 3727 necesse
1810 3650 2033 3743 habebatur;

501 3757 625 3855 itaque
653 3755 751 3854 quod
777 3754 955 3829 attinebat
978 3771 1014 3829 et
1038 3753 1086 3826 ad
1112 3755 1306 3855 physicam
1332 3770 1368 3829 et
1397 3754 1445 3828 ad
1467 3755 1624 3830 ethicam
1651 3755 1728 3830 eius
1753 3755 1848 3850 vim,
1887 3751 2035 3851 cognita

503 3857 710 3932 mundanae
744 3857 838 3931 vitae
874 3857 1044 3951 veritate,
1077 3882 1187 3955 quam
1226 3856 1464 3932 occidentalis
1499 3857 1680 3932 sentiendi
1717 3857 1809 3930 ratio
1833 3880 2034 3952 numquam

503 3988 579 4036 non
606 3959 835 4054 defenderat,
864 3986 940 4031 non
967 3974 1090 4032 tanren
1117 3959 1363 4059 desperabant
1389 3958 1593 4033 Christiani
1619 3959 1665 4033 de
1691 3959 1805 4033 animi
1829 3956 2033 4054 tranquilli-

503 4079 577 4138 tate
606 4063 645 4135 in
680 4089 822 4135 summo
844 4062 962 4155 bone,
992 4062 1090 4159 quod
1117 4063 1263 4160 assequi
1285 4077 1436 4162 possent
1462 4061 1632 4136 homines
1660 4060 1830 4160 quodque
1853 4058 2036 4133 desiderio

504 4192 630 4241 eorum
652 4191 736 4239 vere
763 4164 1007 4257 satislaceret,
1046 4163 1255 4262 quaerenda
1285 4179 1319 4237 et
1352 4163 1538 4262 quondam
1563 4164 1794 4238 invenienda.
1849 4162 1944 4234 'l'um
1970 4160 2033 4234 de-

504 4296 605 4341 mum
629 4282 772 4367 reperta
798 4281 876 4339 erat
899 4267 978 4361 via,
1004 4293 1114 4363 quam
1139 4266 1297 4366 ingressi
1323 4293 1506 4339 summurn
1534 4266 1684 4360 bonum,
1702 4265 1771 4338 'diu
1797 4265 1872 4339 iam
1890 4262 2033 4338 deside·

503 4387 641 4465 ratum,
680 4395 899 4466 omnemque
941 4368 1201 4468 perfectionem
1239 4368 1461 4469 attingerent
1494 4368 1683 4463 homines,
1730 4394 1806 4442 non
1841 4366 2035 4465 aspernati,

617 4708 647 4785 1)
673 4710 761 4786 Apol.
782 4707 805 4772 I.
837 4728 859 4764 c.
888 4710 928 4766 10
957 4727 987 4785 p.
1011 4709 1050 4766 58
1074 4708 1108 4764 Β.
1138 4707 1180 4777 11,
1211 4728 1236 4765 e.
1262 4710 1279 4764 ι’)
1310 4729 1338 4786 p.
1373 4711 1405 4766 14
1431 4711 1466 4767 Α.
1499 4706 1576 4765 Dial.
1608 4727 1632 4764 c.
1655 4706 1707 4763 Tr.
1737 4726 1760 4762 c.
1786 4705 1824 4760 41
1861 4721 1890 4779 p.
1912 4704 1974 4760 260
1999 4703 2038 4758 Α.

505 4793 642 4873 Theoph.
666 4795 705 4854 ad
728 4795 830 4854 Autol.
854 4795 876 4866 l,
899 4814 924 4852 c.
947 4796 967 4852 4
990 4814 1018 4873 p.
1043 4795 1122 4867 340;
1141 4793 1183 4864 11,
1207 4814 1230 4851 c.
1258 4800 1297 4853 10
1319 4814 1348 4872 p.
1373 4797 1443 4855 355.

615 4882 647 5045 ii
669 4879 956 5048 iiiiaoi'oaiuiih
975 4900 1004 5027 οὲ
1023 4882 1269 5044 4ιιῗ’ρ1454009’1)

762 5013 769 5026 .
916 5016 933 5047 a
959 5019 964 5028 .
1006 5013 1012 5026 .
1121 5012 1129 5028 .
1272 5010 1278 5024 .
