5034 6084
1311 637 1358 707 37

570 848 682 922 quum
721 819 1017 894 coniunctionem
1056 842 1138 891 cum
1181 817 1282 892 fonte
1318 816 1438 891 omnis
1483 818 1580 893 vitae
1615 818 1756 894 sitirent
1788 838 1823 895 et
1860 821 2102 895 communita·

570 925 617 998 tis
643 949 725 997 cum
753 949 896 996 summo
924 921 1002 995 Deo
1041 919 1224 994 ineundae
1250 919 1433 995 desiderio
1462 919 1684 1022 flagrarent,
1722 922 1834 995 vitam
1869 922 2103 1015 laboriosam,

570 1052 689 1125 neque
712 1035 984 1098 contemnentes
1009 1048 1129 1120 neque
1155 1022 1386 1123 negligentes
1412 1049 1471 1097 res
1499 1024 1691 1097 humanas.
1739 1022 1837 1097 Nam
1855 1052 1929 1098 non
1945 1025 2104 1125 amplius

571 1128 617 1203 de
643 1126 737 1201 vitae
761 1126 900 1201 ratione
927 1123 1172 1199 dubitandum
1200 1139 1272 1219 est,
1298 1150 1410 1222 quum
1436 1124 1595 1224 quaein
1622 1124 1693 1198 hac
1715 1124 1789 1199 vita
1812 1127 2038 1226 incipiuntur
2064 1127 2101 1199 iu

570 1231 684 1304 altera
711 1229 789 1324 illa,
812 1254 928 1327 eaque
955 1226 1118 1301 beatiore
1144 1225 1400 1328 persequenda
1427 1226 1518 1321 sint,
1551 1252 1736 1325 quumque
1763 1255 1891 1303 omnes
1916 1229 2024 1301 huius
2051 1228 2103 1300 vi-

570 1348 628 1407 tae
651 1331 797 1406 labores
823 1344 858 1405 et
884 1328 1030 1402 dolores
1055 1327 1329 1427 praeparationi
1362 1327 1563 1402 inserviant
1595 1327 1643 1400 ad
1668 1329 1816 1428 plenam
1840 1329 2101 1405 beatitudinem

570 1433 840 1535 impetrandam
851 1434 896 1524 1).
959 1430 1138 1526 Mundus,
1172 1457 1249 1503 non
1281 1429 1486 1505 necessario
1513 1457 1558 1505 ex
1585 1430 1664 1504 Deo
1692 1447 1901 1527 emanatus,
1944 1433 2007 1506 sed
2042 1433 2103 1529 qui

572 1536 830 1610 documentum
858 1534 1018 1606 caritatis
1045 1532 1123 1607 eius
1151 1546 1186 1606 et
1207 1532 1447 1648 benignitatis
1477 1559 1556 1606 esse
1592 1546 1755 1632 putatur,
1788 1561 1907 1634 neque
1942 1534 2105 1608 desertus

571 1655 625 1713 est
649 1637 697 1711 ab
724 1664 785 1731 eo,
810 1663 897 1709 nam
920 1649 1062 1709 creator
1087 1633 1165 1708 eius
1192 1648 1247 1708 est
1272 1648 1382 1709 et1am
1407 1648 1562 1729 curator,
1589 1661 1703 1732 quare
1729 1636 1900 1711 homines
1927 1636 2104 1709 mundum

571 1754 804 1814 contemnere
829 1738 933 1812 nefas
960 1753 1015 1811 est
1027 1740 1075 1828 2).
1137 1736 1265 1834 Itaque
1298 1736 1329 1809 si
1356 1736 1439 1834 quis
1464 1749 1590 1837 neget,
1632 1736 1752 1812 Deum
1778 1738 1947 1812 homines
1974 1739 2105 1810 huma·

571 1869 710 1941 uaeque
729 1868 787 1915 res
814 1837 960 1934 curare,
985 1838 1017 1910 is
1043 1853 1105 1911 aut
1133 1838 1256 1937 ipsum
1280 1865 1359 1913 esse
1382 1851 1498 1912 astute
1524 1838 1685 1938 negabit,
1707 1854 1769 1913 aut
1791 1868 1874 1915 eum
1900 1840 1930 1913 si
1955 1840 2001 1913 sit
2021 1866 2104 1939 pra·

571 1945 679 2019 vitate
705 1942 865 2044 gaudere
891 1941 952 2016 vel
978 1940 1111 2041 lapidis
1138 1940 1254 2014 instar
1280 1966 1512 2041 perseverare
1539 1939 1637 2034 dicit,
1664 1968 1782 2041 neque
1801 1942 1969 2016 virtutem
1987 1969 2105 2040 neque

572 2047 697 2121 vitium
726 2045 938 2144 quodquam
965 2070 1063 2136 esse,
1092 2041 1155 2116 sed
1183 2042 1336 2116 arbitrio
1362 2057 1503 2115 tantum
1529 2042 1699 2117 homines
1723 2044 1815 2119 haec
1840 2044 1897 2118 vel
1923 2044 2023 2118 bona
2049 2044 2106 2117 vel

570 2147 669 2222 mala
694 2162 838 2248 putare:
868 2171 961 2245 quae
984 2144 1133 2244 quidem
1156 2144 1319 2219 maxima
1333 2144 1502 2244 impietas
1525 2158 1580 2219 est
1589 2146 1638 2244 Ξ).
1678 2146 1774 2220 Nam
1793 2145 2104 2246 quemadmodum

571 2250 676 2324 navis
712 2251 779 2325 etsi
814 2247 986 2322 omnibus
1022 2247 1133 2321 rebus
1169 2246 1364 2342 instructa,
1400 2247 1540 2319 nullam
1578 2247 1688 2321 nobis
1721 2249 1872 2348 praebet
1902 2247 2103 2341 utilitatem,

570 2354 643 2426 nisi
669 2352 953 2453 gubernatorem
978 2349 1122 2442 habeat,
1150 2347 1200 2421 ita
1227 2375 1347 2447 neque
1366 2349 1546 2423 elementa
1564 2348 1693 2424 ordine
1709 2351 1887 2424 adornata
1902 2348 2104 2448 quidquam

570 2471 724 2555 possunt
750 2455 828 2527 sine
852 2452 920 2526 Dei
947 2450 1190 2551 providentia.
1250 2450 1367 2524 Navis
1402 2452 1500 2524 enim
1530 2478 1595 2550 per
1622 2478 1661 2524 se
1685 2452 1766 2553 ipsa
1792 2480 1868 2526 non
1894 2451 2102 2553 navigabit:

570 2559 748 2632 elementa
771 2556 850 2629 sine
884 2554 1015 2654 opifice
1037 2580 1113 2626 nou
1140 2554 1384 2628 movebuntur
1400 2553 1449 2653 4),
1484 2555 1571 2651 quia
1596 2580 1725 2629 omnes
1752 2582 1810 2629 res
1836 2572 1978 2629 creatae
2004 2579 2104 2627 crea-

573 2660 662 2733 toris
683 2656 940 2759 procuratione
966 2669 1099 2756 egeant
1115 2655 1156 2755 5).

684 2761 794 2834 'l‘ales
822 2757 1009 2834 doctrinae
1036 2784 1080 2831 ex
1107 2758 1179 2831 fide
1205 2758 1405 2833 christiana
1439 2775 1519 2833 orta
1544 2759 1767 2859 superabant
1792 2760 1976 2833 ethnicam
2004 2785 2102 2833 ema·

574 2862 734 2937 nationis
769 2860 993 2957 doctrinam,
1037 2886 1131 2958 quae
1160 2860 1241 2960 ipsa
1272 2887 1348 2933 non
1382 2860 1488 2934 aliter
1520 2860 1669 2934 incendi
1702 2874 1860 2961 poterat,
1902 2860 1974 2934 nisi
2019 2862 2103 2959 logo

575 2965 722 3066 cognito
746 2978 932 3060 tamquam
956 2961 1102 3034 vinculo
1125 2988 1198 3059 quo
1221 2961 1392 3036 homines
1418 2987 1501 3035 cum
1524 2962 1614 3058 Deo,
1642 2962 1802 3037 caritatis
1828 2980 1989 3058 auctore,
2016 2988 2103 3034 con—

575 3069 828 3169 iungerentur,
868 3064 918 3136 ita
952 3077 991 3136 ut
1023 3064 1129 3163 logos
1156 3064 1371 3137 conciliator
1397 3065 1443 3137 sit
1469 3065 1589 3138 omnis
1616 3063 1764 3138 divinae
1790 3065 1950 3138 caritatis
1976 3065 2014 3136 in
2036 3063 2102 3135 ho-

573 3170 692 3244 miues
720 3165 955 3241 hauriendae.
997 3164 1069 3240 Per
1092 3192 1201 3264 quem
1225 3167 1352 3266 logum
1369 3167 1541 3266 angelum
1570 3166 1681 3241 etiam
1708 3180 1744 3241 et
1769 3167 1975 3267 apostolum
1994 3192 2103 3238 voca-

574 3289 649 3345 turn
688 3268 946 3369 cognoscenda
986 3293 1153 3366 quaeque
1193 3268 1429 3365 nuntiantur3
1461 3268 1493 3341 is
1537 3270 1746 3342 nuntiatum
1780 3268 1935 3342 mittitur
1977 3294 2103 3367 quern·

571 3373 772 3447 admodum
803 3387 838 3444 et
864 3371 942 3470 ipse
968 3369 1140 3444 dominus
1167 3385 1292 3445 noster
1318 3370 1428 3444 dixit:
1480 3369 1588 3465 „Qui
1614 3398 1673 3445 me
1696 3370 1817 3466 audit,
1845 3398 1927 3446 eum
1955 3369 2017 3468 qui
2047 3396 2104 3442 me

572 3476 673 3549 misit
695 3472 797 3547 audit
807 3474 850 3571 ⁶).
904 3472 1001 3545 Nam
1027 3499 1139 3570 quum
1167 3471 1213 3545 sit
1246 3473 1443 3574 progenies
1470 3500 1515 3547 ex
1540 3486 1642 3573 patre
1667 3500 1795 3548 revera
1824 3474 1985 3574 prolata,
2016 3497 2103 3571 prae

573 3577 702 3651 ceteris
724 3576 855 3649 creatis
881 3573 991 3648 rebus
1016 3600 1112 3647 unus
1138 3589 1216 3648 erat
1240 3599 1324 3648 oum
1349 3589 1462 3675 patre,
1490 3590 1525 3650 et
1551 3600 1633 3649 oum
1655 3601 1698 3649 eo
1712 3589 1815 3675 pater
1832 3575 2052 3674 colloquitur
2065 3576 2103 3666 ²2·

571 3678 707 3753 Judaei
732 3675 844 3776 igitur
871 3676 1035 3749 omnium
1060 3691 1200 3775 patrem
1227 3703 1429 3775 numquam
1458 3704 1534 3751 non
1560 3701 1643 3750 cum
1659 3676 1764 3751 Mose
1786 3678 2003 3752 collocutum
2029 3676 2103 3750 exi·

573 3781 779 3872 stimanteS,
807 3778 894 3876 quia
920 3778 1119 3851 collocutus
1146 3803 1229 3850 oum
1253 3806 1297 3853 eo
1323 3780 1420 3852 filius
1447 3793 1542 3854 esset
1567 3779 1653 3874 Dei,
1681 3780 1810 3854 merito
1837 3795 1872 3854 et
1898 3808 1920 3852 a
1946 3778 2102 3877 prophe-

572 3883 645 3956 tico
672 3881 801 3981 spiritu
824 3895 859 3954 et
884 3879 931 3953 ab
955 3879 1035 3979 ipso
1063 3878 1210 3953 Christo
1238 3894 1459 3981 arguuntur,
1487 3906 1555 3956 nec
1580 3894 1721 3981 patrem
1748 3907 1817 3955 nec
1841 3881 1956 3953 filium
1983 3906 2101 3952 nosse.

573 3985 699 4085 Logos
721 3981 820 4058 enim
841 3981 939 4056 Mosi
971 3996 1007 4055 et
1040 3983 1169 4056 ceteris
1202 3983 1392 4083 prophetis
1423 3983 1522 4085 ignis
1559 3984 1679 4084 speeie
1713 3998 1748 4057 et
1773 3983 1935 4082 imagine
1960 3980 2102 4054 mortali

573 4087 673 4159 visus
701 4100 771 4160 est:
810 4108 909 4157 nunc
942 4098 1062 4157 autem
1098 4083 1146 4157 ad
1181 4084 1295 4184 patris
1332 4085 1525 4160 arbitrium
1584 4113 1626 4158 ro
1663 4085 1807 4184 piorum
1842 4085 1956 4158 salute
1990 4085 2102 4155 homo

572 4189 690 4261 factrs
713 4186 820 4260 nihili
848 4184 1052 4259 habebatur
1078 4200 1114 4261 et
1140 4212 1304 4261 summos
1330 4189 1532 4263 sustinebat
1553 4113 1710 4282 dolores,
1734 4186 1848 4259 immo
1871 4202 1906 4261 et
1921 4204 2037 4260 morte
2059 4209 2102 4257 ao

684 4477 710 4552 1)
734 4470 771 4528 ef.
795 4470 891 4528 Ritter
915 4467 1176 4540 „Emanatlehre”
1194 4489 1224 4547 p.
1249 4472 1289 4528 28
1304 4489 1347 4548 sq.

682 4561 699 4617 2
733 4555 773 4616 ib.
819 4559 899 4614 .31.

681 4557 710 4720 tl
732 4576 815 4704 Jusi
835 4642 924 4719 Apol.
947 4641 971 4712 Ι,
995 4662 1018 4700 e.
1045 4643 1083 4700 28
1106 4662 1135 4719 p.
1162 4643 1198 4698 71
1226 4639 1259 4701 O.
1284 4641 1364 4701 Dial.
1388 4663 1411 4700 c.
1435 4641 1488 4701 Tr.
1509 4642 1533 4713 1,
1556 4661 1585 4720 p.
1610 4643 1671 4699 218
1696 4639 1733 4697 A.

678 4733 707 4812 4)
732 4730 880 4803 Athenug.
905 4727 1010 4806 Suppl.
1033 4747 1057 4785 e.
1083 4730 1122 4785 22
1146 4748 1175 4806 p.
1200 4730 1240 4787 24
1264 4727 1303 4788 Ι).

678 4821 708 4896 5)
731 4816 770 4876 id.
793 4816 830 4875 de
853 4822 1008 4873 resurrect.
1031 4824 1116 4871 mort.
1139 4833 1164 4873 e.
1189 4815 1229 4873 18
1251 4834 1281 4893 p.
1305 4818 1346 4874 60
1358 4813 1392 4873 C.

679 4903 708 4985 6)
734 4903 822 4981 Apol.
846 4901 871 4982 1,
895 4921 919 4958 c.
944 4902 984 4960 63
1008 4919 1037 4979 p.
1062 4902 1101 4959 95
1126 4900 1164 4960 D.

680 4991 708 5071 7)
732 4990 810 5048 Dial.
834 5010 859 5048 e.
883 4988 934 5050 Tr.
958 5007 983 5046 e.
1006 4989 1047 5045 62
1070 5006 1101 5065 p.
1124 4987 1185 5047 285
1210 4985 1248 5043 D.
