5034 6084
1310 651 1330 718 7
1451 699 1457 710 .

548 862 743 951 appareat,
776 849 924 926 firmam
961 850 1150 926 scientiam
1183 863 1218 924 et
1254 848 1505 949 cognitionem
1544 876 1639 950 quae
1669 849 1788 925 refelli
1822 863 1995 948 nequeat,
2022 876 2085 925 eos

549 979 625 1026 non
656 951 841 1050 accepisse
868 957 914 1046 1).
976 953 1079 1043 Quae
1123 951 1273 1050 quidem
1307 950 1394 1027 inde
1427 967 1515 1027 nata
1548 952 1805 1053 philosophiae
1838 951 2085 1052 discrepantia

549 1067 801 1151 sectarumque
827 1056 1006 1150 varietas,
1041 1054 1088 1128 ab
1129 1052 1340 1128 auctoribus
1368 1052 1713 1147 denominatarum,
1738 1068 1995 1155 argumentum
2017 1067 2082 1150 est,

549 1156 632 1229 illos
659 1182 735 1229 non
758 1156 922 1231 divinam
947 1151 1173 1257 sapientiam
1189 1181 1284 1254 quae
1309 1169 1364 1229 est
1388 1183 1463 1229 una
1485 1171 1521 1232 et
1548 1157 1719 1256 simplex,
1747 1157 1885 1254 unique
1911 1156 1989 1231 Deo
2017 1155 2083 1231 ad-

550 1255 753 1353 scribenda,
782 1258 846 1333 sed
860 1260 1061 1333 humanam
1076 1258 1294 1358 sapientiam
1311 1257 1578 1357 hominumque
1601 1258 1750 1333 inventa
1768 1273 1910 1333 secutos
1929 1285 2008 1334 esse
2036 1260 2053 1309 ²
2055 1279 2083 1351 J.

550 1359 678 1457 Neque
703 1373 805 1434 tanta
826 1360 980 1436 facultas
1006 1360 1051 1435 iis
1073 1359 1202 1456 inerat,
1229 1374 1269 1433 ut
1293 1359 1401 1434 unius
1410 1359 1481 1434 Dei
1497 1361 1684 1435 veritatem
1701 1374 1870 1435 accurate
1905 1360 2084 1462 intellige-

550 1475 640 1558 rent,
668 1461 803 1562 quippe
829 1490 940 1561 quum
969 1491 1044 1538 non
1070 1489 1136 1563 per
1162 1464 1301 1556 Deum,
1329 1461 1393 1536 sed
1416 1489 1483 1562 per
1507 1490 1546 1537 se
1572 1462 1726 1562 quisque
1759 1462 1805 1536 de
1831 1461 1909 1537 Deo
1938 1461 2081 1538 disoen-

550 1563 637 1637 dum
663 1563 733 1637 sibi
760 1572 841 1640 esse
873 1564 1179 1660 existimaverint,
1220 1563 1318 1637 unde
1352 1564 1461 1639 etiam
1497 1564 1591 1639 alius
1626 1564 1731 1638 aliter
1756 1564 1880 1638 statuit
1918 1563 1964 1639 de
1990 1564 2080 1662 Deo,

551 1666 597 1739 de
621 1664 783 1763 materia,
810 1666 1007 1742 deformis
1032 1680 1067 1742 et
1092 1667 1138 1742 de
1161 1665 1301 1740 mundo
1323 1666 1375 1765 ὅ),
1412 1666 1524 1740 veluti
1549 1691 1677 1741 caecus
1711 1690 1794 1739 cum
1829 1664 1940 1739 surdo
1968 1665 2083 1743 disse·
2212 1743 2216 1748 .

551 1782 607 1841 rat
627 1768 668 1868 4).
722 1766 898 1843 Similiter
924 1769 1151 1870 Theophilus
1177 1768 1310 1867 impias
1337 1784 1372 1843 et
1397 1767 1543 1844 inutiles
1578 1768 1883 1884 philosophorum
1920 1794 2000 1843 esse
2032 1771 2084 1843 ait

552 1869 759 1965 sententias,
786 1870 1027 1971 philosophos
1052 1898 1159 1967 τωο,
1193 1896 1322 1945 omnes
1354 1897 1472 1946 vanae
1502 1884 1611 1970 atque
1635 1870 1757 1944 inanis
1787 1867 1930 1971 gloriae
1956 1896 2083 1945 amore

550 1971 731 2065 incensos,
758 1998 877 2070 neque
901 1973 999 2073 ipsos
1026 1973 1213 2049 veritatem
1241 1986 1427 2047 assecutos
1452 1999 1572 2072 neque
1596 1972 1688 2047 ahos
1722 1969 1770 2045 ad
1804 1972 1991 2046 veritatem
2019 1997 2080 2047 co·

552 2074 718 2147 hortatos
744 2075 881 2165 esse5).

665 2173 755 2249 Odit
780 2176 870 2251 alter
896 2177 1060 2273 alterum,
1089 2176 1243 2252 aemulis
1268 2177 1365 2251 inter
1391 2204 1429 2250 se
1453 2175 1690 2277 opinionibus
1718 2187 1874 2270 certant,
1901 2202 2015 2273 quum
2042 2191 2082 2249 ut

551 2303 718 2375 quaeque
749 2304 807 2352 res
842 2277 881 2351 in
908 2293 1068 2355 mentem
1093 2279 1250 2373 venerit,
1279 2278 1332 2352 ita
1357 2305 1438 2354 eam
1465 2279 1620 2378 quisque
1647 2279 1836 2355 ellativerit
1851 2278 1883 2377 ⁶)
1911 2322 1959 2332 —
1996 2278 2084 2352 talia

553 2378 730 2452 'latianus
755 2377 907 2455 Graecis
933 2380 1165 2481 philosophis
1191 2380 1338 2475 obiicit,
1364 2380 1439 2454 imo
1466 2382 1738 2455 accusationem
1774 2379 2001 2456 acerbiorem
2026 2380 2081 2454 fa·

552 2479 609 2576 cit,
637 2507 758 2555 mores
784 2482 943 2558 maxime
967 2510 1097 2584 parum
1116 2508 1199 2556 cum
1226 2482 1403 2558 doctrinis
1430 2483 1634 2579 convenire,
1663 2482 1840 2580 obiiciens
1855 2482 1901 2556 iis
1918 2485 1969 2580 [c.
1992 2485 2026 2555 2.
2044 2511 2080 2582 p.

554 2586 623 2656 142
634 2583 706 2675 DJ:
723 2594 757 2656 τί
769 2591 841 2683 γάρ
862 2591 994 2680 σεμνὸν
1008 2591 1286 2678 φιλοσοφοῦντες
1302 2587 1533 2680 ἐξηνέγκατες
1552 2598 1601 2667 τίς
1614 2588 1650 2658 δὲ
1675 2591 1746 2658 τοῖν
1761 2592 1855 2657 πάνυ
1874 2587 2081 2659 σπουδαίων

551 2684 762 2770 άλαζονείας
780 2688 848 2774 ἔξω
873 2692 1117 2783 καθέστηκεν,·
1144 2698 1336 2784 Διογένης,
1364 2690 1546 2783 πιθάκνης
1563 2694 1764 2783 καυχηματι
1787 2693 1848 2783 τὴν
1870 2686 2084 2787 αὐτάρκειαν

558 2795 830 2882 σεμνυνόμενος,
853 2793 1058 2874 πολύποδος
1081 2790 1274 2890 αύμοβορίιγ
1297 2793 1412 2865 πάθει
1440 2793 1628 2884 συσχεθεὶς
1645 2794 1731 2890 ἰλέῳ
1756 2792 1816 2864 διὰ
1830 2795 1892 2883 τὴν
1908 2804 2086 2890 ακρασίαν

556 2890 810 2986 ἀποτέθνηκεν.
859 2891 1079 2992 Ἀρίστιππος
1106 2895 1143 2967 ἐν
1160 2895 1354 2993 πορφυρίδι
1381 2900 1588 2992 περιπατιύν
1612 2891 1833 2981 άξιοπίσπως
1852 2892 2083 2987 η’σωιεύσατο.

557 2994 714 3067 Πλάτων
741 3000 953 3089 φιλοσοφοῖν
988 2995 1057 3071 ύπδ
1085 3005 1271 3070 Διονυσίου
1308 2998 1369 3070 διὰ
1396 3009 1682 3095 γαστριμαργίαν
1714 2999 1960 3091 ἐπιπράσκετο.
2013 3006 2085 3072 Καὶ

552 3095 788 3196 Ἀριστοτέλης
813 3096 974 3190 α’μαθοῐς
1007 3098 1094 3200 ὅρον
1125 3106 1168 3197 τῇ
1199 3113 1351 3198 προνοίη
1377 3101 1459 3182 θεὶς
1491 3110 1553 3172 καὶ
1586 3107 1648 3194 την
1688 3098 1920 3192 εὐδαιμονίαν
1956 3102 1993 3173 ἐν
2032 3099 2086 3184 οἷς

556 3199 720 3299 ἠρέσκετο
745 3210 988 3301 περιγράψας,
1010 3209 1094 3278 λίαν
1117 3200 1343 3285 άπαιδεύτως
1363 3200 1594 3302 Ἀλέξανδρον
1615 3208 1668 3297 μι)
1699 3215 1930 3298 μεμνημένος
1951 3212 2085 3303 μειρά-

554 3331 633 3376 κιον
658 3303 871 3377 ἐκολάκευεν
896 3352 942 3363 -
969 3352 1018 3361 -
1046 3351 1091 3362 --
1119 3312 1152 3378 Γ
1149 3309 1320 3398 ελάσαιμι
1348 3303 1381 3377 δ
1407 3303 1452 3377 άν
1475 3315 1536 3378 καὶ
1561 3311 1640 3388 τούς
1663 3318 1771 3404 μέχρι
1807 3312 1868 3379 νύν
1893 3313 1962 3388 τοῖς
1995 3305 2086 3403 δυ’γ-

553 3432 666 3498 μασιν
697 3405 803 3480 αύτοῦ
821 3424 1131 3508 καταχρωμένους·
1168 3413 1203 3480 οἳ
1227 3414 1271 3481 τά
1287 3413 1380 3502 μετὰ
1402 3413 1553 3503 σεληνην
1571 3407 1777 3507 α’προνύητα
1802 3414 1964 3504 λέγοντες
1985 3409 2085 3501 εἶναι,

554 3516 817 3607 προςγειύτεροι
857 3520 957 3609 παρὰ
999 3519 1061 3609 την
1096 3515 1247 3605 σελήνην
1288 3510 1506 3608 ὑπάρχοντες
1550 3521 1613 3583 καὶ
1646 3520 1840 3609 κατωτεροι
1868 3519 1928 3586 τού
1962 3521 2087 3609 ταύτης

554 3614 704 3708 δρόμου,
730 3620 922 3708 προνοοῦσι
948 3619 1019 3687 τοῖν
1041 3613 1286 3712 άπρονοητων·
1314 3612 1397 3711 παρ’
1423 3612 1476 3695 οἷς
1501 3615 1539 3685 δὲ
1564 3610 1629 3686 ούκ
1647 3615 1717 3687 ἔστι
1732 3619 1879 3705 κάλλος,
1906 3621 1951 3689 ού
1971 3622 2084 3690 πλού-

554 3740 622 3804 τος,
646 3711 688 3787 ού
717 3714 823 3812 ῥώμη
848 3723 1025 3810 σώματος,
1055 3716 1120 3790 υύκ
1145 3714 1317 3811 εύγενεία,
1342 3721 1443 3814 παρὰ
1469 3722 1601 3798 τούτοις
1628 3715 1692 3790 ούκ
1717 3719 1788 3791 ἔστι
1804 3724 1905 3815 παρὰ
1928 3718 2085 3817 τδνἊρι-

554 3822 718 3911 στοτέλην
742 3822 780 3889 τὸ
809 3816 992 3914 εύδαιμον.
1044 3828 1117 3893 Καὶ
1144 3820 1179 3891 οἳ
1203 3825 1353 3892 τοιοῦτοι
1381 3823 1702 3912 φιλοσοφείτωσαν.

654 3918 694 3994 Si
720 3919 869 4016 quidem
891 3922 1050 3997 lustinus
1086 3949 1108 3996 a
1144 3921 1278 3995 talibus
1312 3920 1632 3995 criminationibus
1663 3923 1775 4022 longe
1807 3922 1927 4018 absit,
1961 3939 2085 3998 tamen

555 4020 707 4117 dubitat,
734 4022 823 4120 quin
854 4025 978 4125 graeci
1012 4022 1225 4125 philosophi
1259 4024 1331 4097 hoc
1361 4022 1512 4097 nomine
1542 4049 1628 4097 vere
1662 4022 1769 4123 digni
1808 4023 1890 4097 sint
1944 4024 2086 4115 Quodsi

553 4123 631 4196 veri
664 4124 827 4198 inventio
860 4128 946 4200 finis
977 4127 1126 4227 quidam
1161 4124 1258 4224 apud
1297 4152 1361 4200 eos
1403 4123 1660 4225 philosophiae
1695 4123 1844 4220 dicitur,
1888 4126 2083 4226 quomodo,

664 4373 691 4456 1)
709 4376 798 4452 Apol.
820 4376 863 4449 II,
886 4395 911 4434 c.
937 4378 985 4435 13.
1009 4394 1038 4452 p.
1063 4380 1113 4436 51.
1146 4375 1180 4437 C.
1204 4376 1233 4437 ol
1255 4373 1330 4438 δέκ’
1353 4373 1467 4437 ἐναντία
1489 4372 1589 4452 αύτοῖς
1618 4375 1649 4439 ἒν
1670 4385 1852 4459 κυριωτέροις
1874 4378 2013 4457 είρηκύτες
2035 4380 2086 4442 ούκ

554 4458 708 4608 ἰπιστέήμην
729 4460 777 4537 τὴν
798 4469 928 4523 ἄποπτον
950 4460 997 4538 [cl.
1023 4460 1097 4521 Otto
1120 4463 1159 4521 ad
1182 4463 1260 4522 huno
1282 4464 1378 4523 locum
1402 4485 1430 4525 n.
1454 4463 1484 4542 5)
1506 4470 1557 4524 καί
1577 4469 1685 4543 γνῶσιν
1706 4466 1754 4542 τὴν
1770 4465 1940 4543 ἀνέλεγκτον
1960 4473 2085 4547 φαίνον-

556 4569 604 4608 ται
641 4552 781 4628 σγηκέναι.

663 4639 692 4709 2)
715 4635 784 4694 'l'at
808 4632 860 4694 Or.
884 4632 923 4691 ad
946 4629 1051 4692 Graec.
1075 4653 1099 4692 c.
1126 4637 1176 4697 26.
1198 4656 1227 4715 p.
1254 4638 1325 4695 163.
1350 4634 1384 4695 0.
1428 4638 1541 4698 Justiu.
1564 4636 1644 4697 Dial.
1667 4657 1690 4697 c.
1715 4637 1766 4696 Tr.
1790 4658 1814 4700 c.
1839 4642 1866 4699 2.
1890 4657 1919 4717 p.
1945 4641 2006 4697 218
2029 4640 2062 4699 Ο.

663 4723 691 4798 3)
716 4721 824 4780 Athen.
849 4719 954 4799 Suppl.
978 4737 1032 4796 pro
1056 4718 1125 4780 Chr.
1148 4741 1173 4784 c.
1198 4726 1226 4783 7.
1249 4741 1278 4800 p.
1303 4723 1332 4781 8.
1355 4721 1393 4784 A.
1416 4724 1453 4785 ct
1476 4723 1614 4801 Theoph.
1637 4722 1676 4783 ad
1697 4724 1800 4786 Autol.
1823 4726 1868 4799 11,
1892 4730 1941 4787 10.

661 4810 691 4885 4)
715 4808 752 4868 ef.
775 4808 846 4866 Tot.
870 4806 921 4867 Or.
945 4804 984 4864 ad
1008 4803 1114 4865 Graec
1138 4828 1163 4868 e.
1188 4810 1237 4869 26.
1265 4829 1295 4888 p.
1320 4811 1382 4867 163
1413 4810 1465 4871 O.:
1496 4816 1546 4870 καλ
1572 4806 1623 4870 διὰ
1645 4812 1725 4870 τοῦτο
1756 4812 1860 4887 πάντες
1899 4809 1984 4873 ούδέν
2014 4807 2084 4871 ἐστε·

554 4892 761 4972 σφαιρίζοντες
781 4898 836 4972 μὲν
857 4890 921 4967 τούς
944 4890 1060 4968 λόγους,
1084 4889 1290 4975 διαλεγόμενοι
1313 4891 1346 4955 δὲ
1368 4897 1512 4977 καθάπερ
1534 4893 1641 4977 τυφλὸς
1663 4901 1765 4978 κωφῷ.

663 4980 852 5063 5)’1Ἰιοορ11.
877 4980 915 5039 ad
938 4977 1039 5039 Autol.
1063 4977 1121 5052 III,
1149 4981 1257 5056 2311,
1280 5001 1304 5042 c.
1335 4984 1383 5044 12.
1408 5004 1436 5063 p.
1461 4985 1523 5042 357
1549 4981 1595 5043 ed.
1618 4981 1692 5042 Bon.

664 5069 694 5148 6)
714 5066 782 5127 Tot.
809 5088 851 5128 or.
875 5066 913 5125 ad
938 5065 1044 5126 Graec.
1068 5085 1094 5124 c.
1119 5070 1146 5126 3.
1170 5087 1199 5146 p.
1223 5069 1297 5127 144.
1314 5066 1350 5127 Β.
