5034 6084
1236 599 1283 668 32

490 801 547 875 nis
570 799 770 875 tractandis
796 826 874 871 non
900 824 943 872 eo
971 823 1085 896 usque
1112 797 1296 892 viderent,
1333 797 1432 897 quod
1467 826 1596 875 omnes
1630 829 1674 876 ex
1701 780 1902 874 christiano
1928 800 2030 900 prin-

492 903 586 1003 cipio
612 901 890 977 consecutiones
916 899 1096 973 deducere
1121 915 1274 999 possent
1284 899 1339 998 l)‘?
1421 957 1426 974 .
1805 900 1817 942 ³*
1945 959 1948 964 .

605 1004 714 1094 Quod
741 1003 850 1077 etiam
875 1001 1006 1076 melius
1029 1000 1238 1101 apparebit,
1274 1002 1316 1097 si,
1344 1001 1433 1100 quid
1459 1003 1505 1078 de
1531 1005 1660 1079 mundi
1687 1004 1871 1079 creatione
1898 1018 2031 1077 statue·

491 1106 565 1180 rint
591 1107 817 1206 apologetae,
845 1104 971 1203 paucis
993 1102 1226 1203 indagamus.
1279 1102 1383 1177 Unus
1407 1106 1506 1179 enim
1529 1106 1758 1208 Theophilus
1783 1108 1835 1179 ita
1855 1119 1894 1178 ut
1918 1104 2032 1178 dubio

492 1223 614 1282 careat
637 1208 766 1308 gentili
798 1206 843 1280 de
871 1203 1008 1279 mundo
1039 1232 1083 1279 ex
1110 1205 1316 1279 subiacenti
1343 1207 1496 1282 materia
1522 1223 1728 1283 constructo
1756 1208 1944 1281 doctrinae
1976 1234 2030 1281 re·

492 1327 642 1412 pugnap.
695 1310 752 1384 De
778 1335 850 1406 qua
876 1334 915 1383 re
942 1307 1156 1406 saepissime
1172 1307 1212 1380 in
1234 1307 1340 1380 libris
1358 1308 1406 1381 ad
1423 1310 1645 1410 Autolycum
1669 1310 1825 1384 disserit.
1880 1308 2033 1382 Summo

492 1438 671 1488 consensu
699 1412 896 1510 prophetas
922 1409 1091 1483 docuisse
1117 1409 1178 1504 ait,
1201 1410 1321 1483 Deum
1341 1436 1386 1484 ex
1402 1411 1518 1485 nihilo
1536 1413 1661 1486 omnia
1683 1438 1825 1487 creasse
1837 1412 1879 1511 ²).
1934 1409 2047 1501 Quid·
2144 1428 2149 1438 ·

492 1517 693 1609 interesset,
721 1512 872 1611 quaerit,
904 1512 935 1585 si
959 1512 1060 1586 Deus
1085 1537 1130 1584 ex
1153 1510 1306 1585 materia
1333 1511 1497 1587 subiecta
1521 1515 1700 1588 mundum
1728 1513 1903 1589 fecisset?
1963 1512 2032 1587 Dei

494 1643 607 1716 opera
633 1614 817 1689 contraria
842 1641 922 1689 esse
945 1613 1119 1712 operibus
1141 1612 1352 1686 mortalium
1376 1614 1549 1714 opificum
1575 1618 1638 1716 qui
1664 1617 1818 1691 matema
1839 1616 1886 1690 ab
1910 1615 2034 1713 aliquo

493 1733 652 1818 accepta,
679 1744 725 1791 ex
750 1744 793 1791 ea
820 1714 1002 1815 quidquid
1027 1713 1150 1808 velint,
1173 1714 1359 1815 effingam.
1412 1717 1509 1791 Nam
1534 1719 1573 1792 in
1597 1746 1640 1792 eo
1668 1719 1737 1793 Dei
1764 1744 1942 1819 apparere
1966 1743 2033 1817 po-

494 1821 653 1916 tentiam,
682 1818 781 1917 quod
805 1845 850 1893 ex
866 1818 984 1891 nihilo
1007 1829 1113 1909 creet,
1141 1841 1391 1917 quaecumque
1415 1818 1510 1913 velit,
1538 1821 1848 1919 quemadmodum
1872 1820 2034 1893 animam

496 1943 531 1999 et
555 1936 694 1996 motum
730 1920 819 1996 dare
850 1936 995 2019 praeter
1025 1918 1145 1992 Deum
1182 1946 1291 1993 nemo
1326 1939 1450 2025 posset
1481 1922 1585 1995 alius.
1649 1922 1848 1997 Hominem
1886 1923 2034 2023 signum

420 2053 425 2064 ·
496 2027 687 2126 effingere,
706 2023 770 2099 sed
797 2021 987 2114 rationem,
1011 2021 1291 2119 respirationem
1318 2048 1465 2096 sensum
1490 2023 1577 2099 dare
1602 2051 1678 2098 non
1695 2052 1805 2125 posse
1828 2025 1931 2123 operi
1949 2049 2034 2120 suo:

495 2129 615 2203 Deum
642 2127 681 2199 in
709 2153 751 2199 eo
778 2121 1081 2224 praestantiorem
1108 2123 1311 2221 essequod
1338 2125 1489 2222 ratione,
1514 2126 1766 2226 respiratione,
1794 2153 1903 2201 sensu
1929 2152 2034 2227 prae·
2067 2120 2070 2129 ⁴

496 2231 613 2305 ditum
641 2228 752 2301 faciat
774 2253 877 2327 opus.
939 2222 1260 2314 Quemadmodum
1294 2225 1407 2325 igitur
1432 2228 1471 2300 in
1498 2228 1557 2301 his
1584 2229 1756 2303 omnibus
1781 2228 1965 2328 potentior
1990 2228 2037 2301 sit

497 2334 597 2408 Deus
620 2358 731 2429 quam
754 2329 887 2422 homo,
919 2327 970 2400 ita
996 2325 1105 2401 etiam
1129 2327 1169 2400 in
1195 2355 1249 2421 eo,
1279 2327 1378 2426 quod
1405 2356 1449 2403 ex
1475 2330 1592 2403 nihilo
1614 2346 1789 2429 procreet,
1816 2347 1851 2405 et
1880 2329 2036 2428 quodvis

496 2432 750 2536 procreaverit
803 2430 928 2528 Itaque
955 2425 1184 2529 Theophilus
1204 2428 1479 2504 Platonicorum
1506 2431 1640 2532 placita
1665 2432 1863 2533 redarguit,
1892 2433 1955 2530 qui
1981 2432 2035 2504 fa-

496 2553 612 2612 tentes
648 2533 854 2634 ingeuitum
883 2532 1001 2606 Deum
1037 2547 1072 2605 et
1097 2545 1239 2631 patrem
1274 2548 1310 2605 et
1335 2546 1534 2609 creatorem
1570 2561 1647 2609 esse
1681 2536 1866 2631 omnium,
1903 2533 2037 2608 deinde

499 2652 674 2732 statuant,
711 2635 784 2708 duo
811 2660 891 2709 esse
913 2634 1096 2734 ingenita,
1129 2632 1250 2706 Deum
1277 2647 1313 2707 et
1334 2636 1541 2731 materiam,
1580 2662 1735 2736 eamque
1755 2636 1835 2711 Deo
1862 2662 2035 2711 coaevam

498 2768 578 2817 esse
601 2738 734 2812 dicant.
796 2735 941 2826 Quibus
974 2733 1146 2834 opponit:
1185 2733 1328 2824 Quodsi
1354 2735 1454 2811 Deus
1479 2737 1666 2839 ingenitus
1692 2753 1727 2813 ct
1749 2740 1903 2813 materia
1932 2738 2035 2839 inge-

499 2844 587 2936 nita,
614 2868 689 2914 non
715 2840 789 2912 iam
816 2839 916 2912 Deus
947 2850 1088 2911 creator
1113 2850 1167 2911 est
1193 2837 1376 2932 omnium,
1412 2865 1480 2914 nec
1504 2840 1687 2915 constabit
1712 2840 1783 2915 Dei
1809 2840 2036 2915 monarchia.

498 2943 646 3040 Deinde
668 2939 978 3041 quemadmodum
1004 2938 1114 3033 Deus,
1144 2953 1323 3037 quatenns
1349 2940 1546 3041 ingenitus,
1573 2942 1681 3017 etiam
1708 2942 1949 3017 immutabilis
1972 2956 2044 3038 est,

501 3049 553 3121 ita
576 3062 611 3120 et
632 3044 785 3119 materia
808 3044 840 3116 si
863 3057 958 3117 esset
979 3041 1154 3142 ingenita,
1178 3042 1418 3117 immutabilis
1440 3070 1585 3143 quoqne
1602 3060 1638 3118 et
1654 3044 1734 3119 Deo
1752 3045 1916 3144 aequalis
1933 3045 2037 3141 foret,

502 3148 601 3249 quod
626 3147 726 3222 enim
752 3144 918 3247 genitum
944 3158 1017 3234 est,
1057 3144 1148 3217 verti
1183 3157 1219 3217 et
1243 3144 1378 3218 mutari
1402 3159 1538 3245 potest,
1575 3146 1780 3246 ingenitum
1815 3161 1935 3220 autem
1971 3172 2040 3221 nec

501 3252 592 3327 ve1ti
618 3262 736 3350 potest
769 3272 837 3322 nec
863 3246 998 3319 mutari
1012 3246 1054 3344 ὅ).
1081 3293 1122 3302 -
1196 3245 1247 3319 At
1273 3246 1346 3318 alio
1373 3244 1472 3342 loco,
1509 3248 1574 3321 ubi
1600 3249 1646 3321 de
1672 3248 1834 3322 hominis
1857 3250 2040 3323 creatione

501 3354 670 3452 disputat,
700 3351 777 3425 eius
807 3348 1023 3449 dignitatem
1049 3361 1187 3421 tantam
1212 3373 1292 3421 esse
1317 3347 1378 3442 ait,
1405 3362 1445 3420 ut
1469 3348 1516 3422 ab
1543 3349 1695 3423 homine
1720 3377 1794 3422 non
1821 3351 1939 3449 possit
1965 3351 2039 3423 suf·
2157 3434 2162 3444 Ι

501 3455 665 3530 ficienter
690 3450 865 3528 enarrari.
926 3449 1045 3523 Deum
1071 3449 1169 3524 enim
1195 3448 1378 3524 dicentem
1414 3450 1633 3545 „Faciamus
1660 3452 1847 3527 hominem
1874 3452 1922 3525 ad
1948 3454 2039 3526 ima—

502 3558 627 3659 ginem
653 3571 689 3629 et
719 3551 996 3628 similitudinem
1024 3557 1231 3645 nostram“,
1260 3551 1422 3625 hominis
1445 3553 1698 3628 excellentiam
1722 3553 1889 3654 prodere.
1943 3555 2039 3628 Tum

502 3658 639 3760 pergit:
682 3656 805 3746 Quum
832 3654 931 3728 enim
958 3654 1059 3728 Dens
1085 3654 1198 3728 verbo
1223 3654 1350 3728 omnia
1374 3654 1536 3753 fecisset,
1565 3656 1669 3756 quasi
1698 3673 1816 3732 cetera
1842 3657 1947 3757 parvi
1974 3657 2040 3730 dn·

504 3778 601 3837 ceret
628 3766 687 3855 (τὰ
713 3764 830 3830 πάντα
857 3762 1027 3856 πάρεργα
1053 3755 1295 3851 ἡγησάμενος)
1323 3757 1395 3830 hoc
1424 3783 1539 3830 unum
1566 3786 1658 3858 opus
1686 3759 1846 3860 propriis
1869 3758 2041 3833 manibus

613 4016 644 4089 1)
668 4012 849 4087 Quibuscum
874 4011 1027 4079 conferas,
1058 4030 1135 4090 quae
1156 4012 1290 4071 Ritrerus
1312 4012 1448 4086 „Gesch
1472 4011 1500 4071 d.
1522 4011 1634 4070 christl.
1656 4011 1769 4070 Philos.
1792 4012 1807 4068 1
1836 4031 1865 4088 p.
1889 4012 1950 4069 329
1967 4011 2041 4069 'dis-

503 4102 659 4181 putavit:“
693 4099 752 4158 Die
775 4096 891 4159 Gesahr
922 4097 973 4173 lag
1002 4098 1192 4157 ebensonahe
1215 4120 1251 4157 zu
1274 4102 1333 4159 viel
1362 4120 1430 4159 vom
1452 4097 1532 4157 alten
1556 4102 1585 4157 in
1616 4098 1674 4156 den
1696 4118 1791 4157 neuen
1816 4094 1954 4156 Glauben
1977 4097 2041 4154 hdr·

504 4186 743 4247 fiberzunehmcn
773 4185 818 4243 als
840 4205 876 4242 au
909 4183 1004 4261 heftig
1034 4184 1091 4242 den
1114 4186 1194 4244 alten
1220 4184 1359 4246 Glauben
1384 4206 1422 4244 au
1443 4183 1646 4244 verdammen.
1697 4185 1785 4243 Denn
1815 4203 1847 4243 es
1876 4204 1938 4241 war
1964 4183 2042 4243 wohl

504 4273 667 4343 naturum,
699 4271 769 4332 dass
791 4271 866 4330 such
897 4272 963 4329 eine
985 4270 1260 4332 leidsuschaftlichs
1283 4273 1458 4351 Bewegung
1487 4271 1534 4331 bei
1562 4272 1653 4330 ihncn
1674 4271 1736 4330 sich
1767 4279 1852 4347 rsgto
1873 4289 1970 4347 gagen
1994 4269 2043 4328 die

503 4361 622 4433 Partei,
652 4357 764 4418 welche
787 4359 830 4416 sie
852 4356 1005 4415 verlassen
1028 4357 1130 4417 hatten
1152 4359 1213 4417 und
1242 4359 1353 4419 welche
1375 4361 1418 4418 sie
1440 4359 1502 4418 und
1531 4357 1595 4417 ihre
1618 4377 1715 4417 neuen
1739 4357 2040 4434 Glaubensgeuosscn

503 4448 548 4505 als
572 4446 759 4521 Abtrtinnige
782 4443 938 4519 verfolgte.
983 4442 1025 4501 Es
1048 4444 1086 4502 ist
1109 4444 1176 4503 dem
1201 4445 1425 4506 Christsnthnm
1449 4446 1610 4520 begeguet,
1640 4464 1701 4502 was
1723 4442 1805 4505 einel
1826 4444 1919 4522 jedcn
1943 4443 2041 4500 Neue·

503 4553 580 4609 rung
602 4544 688 4592 nster
711 4532 770 4591 den
789 4530 951 4589 Mensmen
983 4529 1137 4607 begegnen
1160 4552 1258 4614 muss,
1291 4535 1347 4591 wie
1369 4533 1465 4591 sicher
1487 4535 1530 4590 sie
1552 4532 1627 4591 auch
1649 4532 1704 4591 auf
1724 4531 1791 4591 dem
1815 4531 1959 4601 abeston,
1992 4528 2049 4588 aul

503 4622 601 4679 ciuem
631 4618 792 4694 gottlichen
816 4615 940 4676 Gruude
969 4617 1063 4675 ruhen
1087 4625 1189 4695 moga,
1222 4620 1290 4679 dass
1319 4639 1352 4678 es
1374 4621 1403 4678 in
1434 4618 1487 4677 der
1513 4618 1712 4697 Abvvendung
1733 4639 1793 4677 von
1823 4618 1876 4675 der
1902 4616 2043 4675 frdheren

504 4707 636 4782 Bildung
658 4705 738 4764 nicht
760 4703 891 4781 sogleich
914 4705 981 4761 eine
995 4704 1127 4781 'richtige
1151 4707 1288 4765 Einsicht
1310 4706 1439 4765 dartlber
1461 4706 1616 4781 gewinnen
1640 4707 1765 4776 konnte,
1795 4723 1855 4760 was
1878 4723 1936 4762 von
1955 4704 2044 4780 jener

505 4794 694 4854 beibehalten
717 4791 776 4850 und
799 4811 859 4849 was
882 4809 942 4849 von
965 4789 1010 4848 ihr
1033 4794 1199 4851 vervorfen
1223 4793 1342 4853 werden
1365 4799 1486 4854 musste.

615 4883 645 4954 2)
669 4877 718 4937 Ad
741 4878 843 4936 Aulol.
865 4876 913 4947 II,
936 4897 960 4934 c.
986 4880 1025 4937 10
1048 4897 1077 4955 p.
1101 4881 1172 4939 355.

613 4972 645 5042 3)
666 4964 704 5024 ib.
728 4964 777 5037 ΙΙ,
800 4984 825 5023 c.
848 4966 868 5024 4
891 4984 920 5043 p.
944 4965 1005 5024 349
1028 4983 1072 5043 sq.
