5034 6084
1289 634 1334 704 71

550 816 623 889 sint
648 831 683 889 et
708 816 801 889 alius
832 816 932 890 locus
962 816 1061 889 hunc
1095 828 1263 889 nostrum
1299 816 1486 889 illustrans
1514 830 1549 890 et
1574 816 1778 890 accuratius
1811 817 1998 916 explicans
2023 818 2080 892 in-

548 918 715 993 veniatur
736 917 876 1014 nullus,
902 918 1026 993 nescio
1051 931 1170 990 ιιιιιιιιι
1198 943 1243 991 ex
1269 943 1312 991 eo
1339 918 1615 1018 Athenagoram
1636 916 1849 991 ¹Stoicorum
1875 919 2080 995 doctrinam

549 1018 812 1095 eodemmodo
840 1045 911 1117 quo
938 1047 961 1093 a
985 1019 1141 1092 Tatiano
1168 1019 1305 1092 factum
1331 1046 1410 1094 esse
1437 1020 1606 1115 vidimus,
1633 1019 1681 1094 ad
1707 1018 1818 1094 fidem
1845 1021 2080 1096 christianam

550 1146 739 1196 revocasse
765 1120 934 1195 concludi
959 1122 1076 1221 possit
1100 1118 1226 1195 necne.

662 1222 773 1296 Haud
808 1224 913 1297 aliter
947 1222 1055 1297 nobis
1097 1222 1377 1297 diiudicandum
1415 1224 1483 1297 erit
1513 1222 1558 1297 de
1585 1222 1657 1296 alio
1682 1223 1791 1320 loce,
1827 1251 1899 1322 quo
1936 1225 2081 1324 spiritus

551 1342 697 1399 sanctus
724 1338 911 1424 tamquam
936 1325 1060 1398 anima
1085 1325 1214 1398 mundi
1240 1326 1399 1400 affertur.
1459 1325 1555 1399 Nam
1589 1325 1681 1399 sicut
1706 1324 1899 1400 Platonem
1934 1327 2080 1402 atheum
2129 1367 2131 1372 ·

549 1455 625 1501 nou
648 1427 760 1502 fuisse
794 1440 992 1524 monstrat,
1035 1427 1169 1527 quippe
1210 1428 1273 1525 qui
1312 1455 1426 1502 unum
1465 1427 1629 1501 omnium
1663 1427 1832 1526 opificem
1866 1428 2082 1503 intellexerit

550 1531 669 1605 Deum
695 1530 868 1603 infectum
897 1531 974 1624 (fra
997 1538 1056 1602 τὸν
1083 1531 1304 1629 δημιουργὸν
1336 1537 1407 1603 τοῖν
1437 1528 1534 1604 ὅλων
1567 1534 1662 1618 νοῶν
1692 1527 1861 1624 ἀγένητον
1896 1534 2000 1627 θεόν)
2030 1531 2081 1606 ita

548 1658 668 1731 neque
694 1632 913 1706 christianos
946 1631 1072 1707 atheos
1107 1658 1185 1707 esse
1224 1632 1429 1729 contendit,
1461 1633 1548 1732 quia
1581 1659 1604 1706 a
1629 1659 1701 1730 quo
1728 1634 1853 1705 omnia
1877 1660 1942 1732 per
1968 1634 2079 1733 logon

550 1734 781 1808 fabricata
753 1748 826 1806 smt
860 1748 895 1807 et
927 1734 1028 1807 cuius
1064 1734 1192 1851 spirim
1226 1735 1482 1810 contineantur
1515 1761 1596 1809 eum
1628 1750 1833 1851 agnoscant
1866 1749 1901 1809 et
1934 1750 2082 1810 teneant

552 1838 668 1910 Deum
695 1837 736 1936 1).
796 1834 867 1909 Cui
899 1862 984 1910 vero
1021 1835 1186 1936 opinioni
1222 1863 1342 1935 neque
1379 1838 1461 1912 aliis
1503 1850 1583 1911 sent
1568 1837 1690 1911 tentiis
1728 1862 1847 1935 neque
1878 1836 1959 1916 aliis
1991 1837 2081 1911 locis

549 1939 768 2033 illustratae,
801 1964 876 2011 non
909 1938 1063 2011 multum
1086 1937 1321 2012 tribuendum
1347 1967 1426 2015 esse
1451 1938 1603 2014 videtur.
1663 1938 1760 2011 Nam
1796 1939 1968 2013 facillime
2000 1940 2079 2014 fieri

549 2041 695 2141 potuit,
715 2054 754 2113 ut
779 2038 1037 2140 Athenagoras
1066 2040 1178 2113 modo
1217 2039 1383 2115 Platonis
1415 2041 1600 2157 sententiis
1635 2040 1825 2140 expositis,
1869 2041 2081 2116 Platonicae

549 2142 805 2242 philosophiae
839 2142 1034 2215 formulam
1067 2141 1267 2239 quamdam
1302 2137 1587 2243 amplexus,
1525 2143 1571 2216 sit
1557 2143 1710 2216 tfore
1750 2169 1918 2242 sperans,
1957 2158 1997 2216 ιιι
2036 2171 2078 2217 eo

550 2245 692 2318 facilins
719 2243 949 2318 adversarios
976 2243 1099 2317 christ
1075 2259 1194 2317 tranos
1221 2244 1349 2318 atheos
1374 2272 1450 2319 non
1475 2272 1575 2340 esse,
1599 2243 1839 2319 convinceret.

661 2345 866 2444 Utcumque
910 2372 967 2419 res
1000 2345 1063 2443 sit,
1106 2347 1214 2420 etiam
1260 2346 1308 2419 ad
1349 2348 1399 2421 At
1385 2348 1628 2447 thenagorae,
1672 2346 1764 2419 sicut
1750 2347 1844 2420 tad
1878 2361 2078 2421 ceterorum

549 2449 719 2565 apologet
720 2475 823 2534 arum
865 2447 978 2521 doct
935 2463 1049 2521 trinas
1092 2448 1310 2522 excolendas
1353 2477 1528 2550 magnam
1571 2449 1758 2546 antiquam
1806 2448 2078 2549 philosophiam

550 2551 622 2623 vim
650 2529 840 2646 habuisse,
873 2551 953 2624 luce
980 2550 1113 2623 clarius
1136 2550 1299 2650 patescit.

663 2652 805 2742 Quibus
849 2651 1025 2726 enarratis
1068 2652 1144 2724 iam
1179 2651 1227 2725 ad
1259 2653 1371 2727 finem
1412 2651 1678 2751 disquisitionis
1713 2665 1859 2726 nostrae
1901 2653 2077 2726 venimus.

540 2753 760 2843 Quodam
785 2754 889 2827 initio
917 2781 964 2828 an
966 2767 1113 2852 tequam
1140 2754 1187 2827 ad
1215 2755 1379 2854 singulas
1406 2754 1590 2829 doctrinas
1623 2753 1887 2828 examinandas
1912 2755 2079 2854 aggressi

550 2883 692 2952 sumus,
715 2856 984 2957 praecepimus,
1019 2884 1059 2930 re
1093 2883 1179 2930 vera
1206 2857 1343 2931 evenit:
1380 2884 1468 2930 nam
1499 2856 1714 2956 apologetae
1753 2856 1815 2953 qui
1851 2856 2009 2955 primam
2035 2884 2079 2931 ex

549 2958 854 3074 philosophorum
882 2958 1016 3031 scholis
1041 2958 1240 3032 hauserant
1266 2959 1394 3033 erudit
1371 2975 1507 3032 tionem
1540 2971 1575 3031 et
1607 2957 1832 3031 tumdemum
1873 2985 1949 3032 rem
1982 2959 2077 3033 chri·

552 3060 706 3133 stianam
742 3060 1004 3158 sequebantur,
1042 3087 1153 3159 quum
1188 3074 1325 3135 ceteras
1361 3061 1546 3134 doctrinas
1586 3074 1709 3159 utpote
1746 3060 1897 3132 summis
1939 3059 2078 3160 ingenii

547 3161 739 3236 desideriis
761 3189 835 3235 nou
862 3160 1141 3258 satisfacientes,
1173 3163 1273 3237 bono
1301 3163 1453 3237 consilio
1488 3162 1681 3262 repudiare
1706 3175 1741 3235 et
1767 3161 1896 3236 eiicere
1919 3178 2078 3262 possent,

546 3279 673 3362 postea
697 3290 783 3339 vero
807 3263 1116 3338 christianismum
1145 3264 1340 3340 defendere
1375 3266 1514 3363 absque
1548 3265 1702 3338 aliorum
1738 3264 2078 3364 impugnationibus

547 3368 639 3441 tueri
667 3367 929 3466 suscipiebant,
964 3366 1095 3441 iisdem
1124 3367 1236 3439 armis
1264 3368 1339 3463 usi,
1374 3367 1507 3465 quibus
1533 3393 1648 3465 usque
1674 3366 1766 3440 adeo
1800 3365 1932 3441 eruditi
1957 3366 2077 3466 philo·

549 3468 655 3569 sophi
690 3468 739 3541 ad
775 3468 961 3542 doctrinas
996 3469 1213 3542 christianas
1258 3469 1476 3544 refellendas
1509 3469 1566 3542 usi
1598 3468 1743 3543 fuerant
1775 3513 1823 3522 —-
1859 3468 2077 3542 christianas

548 3570 745 3646 sententias
771 3597 862 3667 quas
888 3570 936 3643 ad
963 3585 1078 3643 artem
1104 3596 1276 3645 revocare
1303 3571 1374 3645 sibi
1399 3586 1681 3669 proposuerant,
1708 3597 1784 3644 non
1807 3571 1928 3644 statim
1957 3571 2075 3644 omni·

547 3674 615 3747 bus
641 3700 686 3746 ex
712 3672 876 3771 partibus
903 3676 950 3744 ad
976 3673 1087 3746 finem
1114 3672 1313 3771 perducere
1337 3687 1372 3747 et
1397 3674 1504 3746 certis
1529 3663 1717 3771 firmisque
1751 3672 1887 3746 finibus
1921 3673 2075 3746 circum·

548 3774 706 3848 scribere
733 3787 910 3873 poterant.
974 3772 1047 3863 Qui
1074 3800 1186 3871 quum
1213 3776 1427 3874 plerumque
1452 3773 1503 3846 ita
1528 3774 1831 3874 philosophorum
1852 3774 1995 3874 placitis
2018 3775 2074 3847 usi

547 3878 637 3972 sint,
660 3888 700 3948 ut
727 3874 945 3950 christianae
972 3875 1057 3949 fidei
1083 3902 1145 3949 eas
1169 3876 1506 3972 accommodarent,
1540 3903 1616 3949 nou
1641 3878 1835 3970 miramur,
1871 3874 1971 3973 quod
1997 3875 2074 3948 eth-

546 3980 629 4052 niea
664 3977 845 4051 sentiendi
878 3978 989 4073 ratio,
1031 4004 1140 4075 quam
1177 3978 1249 4052 fide
1284 3978 1430 4077 quidem
1470 3991 1745 4077 superaverant,
1781 3977 1828 4049 ad
1862 3977 2074 4077 disciplinas

546 4081 594 4155 ab
622 4080 666 4153 iis
700 4080 859 4153 excultas
897 4080 948 4153 ita
985 4106 1263 4178 nonnumquam
1304 4080 1475 4175 valuerit,
1509 4097 1548 4152 ut
1579 4079 1800 4178 principium
1835 4079 2074 4153 christianum

546 4183 667 4256 minus
701 4181 900 4280 perfectum
934 4182 990 4255 sit.
1042 4181 1138 4256 Nam
1176 4208 1270 4280 quae
1302 4182 1375 4257 fide
1406 4182 1636 4255 eontinentur
1669 4183 1717 4254 ad
1739 4200 1853 4255 artem
1891 4205 2071 4274 revocare,

545 4284 585 4357 id
611 4297 650 4357 ut
676 4310 786 4382 supra
812 4282 885 4355 iam
912 4283 1140 4378 dictumest,
1174 4284 1338 4357 omnium
1366 4299 1571 4382 temporum
1603 4282 1811 4382 theologiae
1845 4282 2073 4383 propositum

546 4400 616 4481 est3
648 4398 756 4482 atque
783 4384 815 4457 si
839 4386 963 4484 utique
990 4384 1251 4458 christianismi
1275 4385 1419 4458 indoles
1452 4384 1500 4456 ad
1531 4384 1744 4483 parabolam
1780 4384 1978 4482 quamdam
2005 4384 2071 4458 do-

547 4488 638 4560 mini
665 4487 870 4585 comparari
894 4502 1012 4587 potest
1034 4512 1115 4559 cum
1140 4488 1337 4583 ferment0,
1365 4486 1464 4584 quod
1497 4486 1536 4558 in
1569 4486 1686 4560 tribus
1710 4486 1850 4561 farinae
1873 4487 1960 4560 satis
1986 4486 2070 4560 abs-

547 4590 741 4684 condatur,
781 4588 897 4661 donec
931 4590 1186 4663 fermentatum
1214 4589 1259 4662 sit
1279 4602 1412 4684 totum,
1449 4588 1480 4661 si
1509 4588 1632 4686 utique
1659 4588 1784 4661 omnia
1809 4588 1856 4661 ab
1880 4589 2071 4689 evangelio

656 4843 845 4945 l)Supplic.
868 4861 893 4900 c.
917 4843 972 4901 68:
996 4837 1022 4900 εἰ
1043 4835 1138 4902 τοίνυν
1161 4840 1215 4901 οὐκ
1239 4840 1316 4902 ἔστιν
1339 4837 1435 4908 οἰθεος
1462 4838 1607 4913 Πλάτων,
1642 4836 1692 4898 ἕνα
1721 4836 1770 4898 τὸν
1803 4837 1980 4918 δημιουργὸν
2014 4841 2072 4899 τῶν·

546 4928 626 4990 ὅλων
648 4932 723 4990 νοῶν
746 4928 883 5006 ἀγένητον
906 4924 992 4999 θεόν,
1015 4923 1116 4988 cidi
1104 4935 1185 5005 queis·
1207 4924 1313 4997 ἄθεοι,
1337 4924 1385 5003 ὑφ’
1412 4920 1445 4987 οἷ
1472 4927 1551 5006 λόγῳ
1573 4926 1817 5034 ὄεόημιοιργιται
1849 4924 1898 4987 uui
1929 4928 1968 5001 τῷ
1999 4923 2068 5003 παρ’

545 5014 638 5077 αὐτοῦ
662 5015 802 5094 πνιίμαιι
825 5016 972 5093 συνέχεται
994 5011 1030 5072 ιὰ
1053 5011 1151 5075 πάντα
1174 5016 1279 5074 τοῦτον
1304 5012 1414 5082 ribeira
1437 5011 1486 5074 κιιι
1510 5015 1689 5093 κοατοῖνιει
1713 5012 1797 5073 θεόν.
