5034 6084
1236 605 1282 675 58

493 818 578 865 nam
604 816 685 864 cum
709 792 795 891 logo
823 789 1006 862 coniuncti
1032 787 1221 884 vivebant,
1257 787 1396 861 nonin
1427 788 1497 861 hac
1523 802 1640 884 terra,
1676 788 1740 862 sed
1768 791 1807 863 in
1838 792 2019 892 paradiso,

494 921 601 991 quem
615 920 740 992 ‚supra
765 892 937 966 convexis
969 891 1062 965 coeli
1095 890 1287 965 collocavit
1322 889 1515 986 Tanaum,
1548 891 1606 963 cui
1639 891 1740 963 nulla
1765 907 2019 994 tempestatum

492 994 682 1069 accidebat
708 992 878 1089 mutati0,
914 993 979 1067 ubi
1012 1006 1142 1066 cuncta
1168 993 1304 1093 optime
1330 1006 1530 1092 temperata
1562 1006 1686 1088 erant,
1720 994 1799 1070 dies
1824 1012 2021 1097 perpetuus

493 1099 688 1194 lumenque
715 1096 822 1171 nobis
849 1096 1076 1169 inaccessum
1100 1094 1317 1195 splendebat
1330 1097 1375 1187 1).

596 1198 663 1272 Sin
690 1224 776 1273 vero
803 1197 906 1271 addit
932 1196 1130 1291 Tatianus,
1167 1224 1287 1296 neque
1317 1198 1490 1297 angeIOS,
1522 1224 1641 1295 neque
1667 1198 1835 1273 homines
1858 1198 1946 1276 inde
1972 1201 2019 1274 ab

493 1301 598 1375 initio
624 1300 714 1374 boni
741 1313 909 1373 naturam
941 1298 1114 1372 habuisse
1150 1300 1215 1373 sed
1247 1299 1367 1373 Deum
1403 1313 1575 1397 utrosque
1611 1298 1747 1374 liberos
1782 1326 1940 1399 creasse,
1981 1318 2021 1376 ut

493 1403 610 1477 malus
635 1403 714 1475 iure
739 1401 947 1501 puniretur,
972 1400 1153 1500 siquidem
1180 1428 1246 1474 sua
1278 1401 1385 1500 culpa
1412 1401 1602 1501 improbus
1627 1402 1743 1475 factus
1768 1418 1879 1499 esset,
1904 1404 2020 1477 iustus

492 1519 612 1577 autem
639 1503 686 1577 ob
712 1519 809 1578 recte
834 1503 931 1577 facta
957 1503 1035 1578 iure
1060 1503 1290 1599 laudaretur,
1325 1502 1389 1601 qui
1414 1503 1530 1577 libero
1557 1530 1644 1576 usus
1667 1503 1819 1578 arbitrio
1843 1506 1900 1579 fas
1926 1506 2019 1580 divi-

491 1633 581 1678 num
607 1622 858 1706 transgressus
877 1633 953 1679 non
980 1619 1074 1682 esset
1090 1606 1140 1705 2);
1171 1605 1281 1679 etiam
1313 1604 1354 1678 in
1388 1605 1446 1679 his
1481 1606 1688 1702 sententiis,
1727 1606 1897 1683 homines
1932 1608 2020 1682 inde

494 1708 541 1781 ab
569 1707 674 1781 initio
702 1708 748 1781 de
774 1707 948 1808 originali
969 1734 1035 1781 suo
1058 1720 1152 1781 statu
1174 1707 1283 1781 deiici
1307 1707 1488 1806 potuisse,
1515 1720 1639 1807 aperte
1662 1708 1856 1808 significat.
1910 1709 2019 1800 Quod

493 1837 603 1907 quum
627 1836 755 1909 reapse
777 1810 913 1883 factum
941 1809 1004 1905 sit,
1041 1836 1226 1908 quumque
1259 1808 1429 1883 homines
1463 1809 1636 1909 angelum
1670 1811 1956 1911 primogenitum
1984 1827 2019 1887 et

492 1893 720 1986 callidiorem
740 1914 925 2005 assectati,
960 1912 1060 1984 hunc
1081 1912 1248 2010 quamvis
1273 1925 1401 1985 contra
1427 1911 1547 2010 legem
1570 1911 1734 1985 divinam
1763 1914 2019 2008 obluctaretur,

491 2041 557 2112 pro
580 2014 658 2087 Deo
681 2014 879 2109 haberent,
914 2014 991 2114 logi
1017 2015 1179 2112 potentia
1202 2033 1237 2087 et
1264 2014 1488 2113 inceptorem
1513 2014 1744 2112 temeritatis,
1777 2015 1950 2115 angelum
1977 2016 2020 2089 il-

492 2117 565 2189 lum
590 2116 875 2215 primogenitum
901 2115 1035 2190 eteius
1063 2129 1257 2191 sectatores
1291 2142 1358 2188 sua
1391 2115 1653 2191 consuetudine
1686 2116 1883 2191 interdixit
1938 2116 2020 2207 Quo

417 2287 419 2291 ,
491 2219 626 2291 factum
654 2232 725 2313 est,
751 2232 790 2290 ut
816 2218 847 2290 is
874 2217 1041 2315 quidem,
1069 2218 1133 2316 qui
1158 2217 1206 2291 ad
1232 2216 1431 2317 imaginem
1460 2217 1531 2291 Dei
1558 2218 1674 2293 factus
1698 2233 1785 2315 erat,
1811 2218 2020 2294 discedente

491 2320 538 2394 ab
567 2347 609 2394 eo
636 2319 840 2418 potentiore
867 2320 1013 2419 spiritu,
1040 2320 1205 2393 mortalis
1231 2319 1395 2393 redditus
1423 2319 1487 2414 sit,
1524 2320 1585 2394 ille
1602 2343 1727 2418 ,autem
1753 2320 2020 2422 primogenitus

491 2422 538 2495 ob
563 2435 752 2521 peccatum
788 2436 824 2495 et
854 2422 1103 2522 ignorantiam
1132 2421 1300 2496 daemon
1326 2421 1489 2496 redditus
1523 2421 1570 2494 sit
1586 2424 1633 2515 5).
1695 2423 1822 2522 Itaque
1853 2450 1929 2496 non
1957 2424 2021 2521 qui
2085 2513 2088 2520 Ι

489 2549 716 2597 moreremur
746 2523 833 2596 facti
860 2551 995 2619 sumus,
1021 2523 1085 2598 sed
1112 2551 1178 2597 sua
1204 2524 1359 2622 quisque
1394 2523 1501 2623 culpa
1535 2524 1698 2598 moritur.
1751 2525 1912 2624 Reliquit
1937 2552 2020 2599 eum

490 2625 607 2699 libera
632 2625 817 2721 voluntas,
849 2627 960 2699 homo
986 2625 1080 2700 liber
1108 2653 1232 2701 servus
1258 2626 1375 2699 factus
1402 2639 1473 2721 θείς
1501 2641 1649 2724 peccato
1676 2627 1844 2702 venditus
1871 2645 1943 2723 est,
1971 2627 2021 2701 ita

490 2743 529 2801 ut
554 2725 648 2800 nihil
675 2728 763 2800 mali
789 2754 811 2801 a
835 2728 914 2802 Deo
940 2727 1077 2802 factum
1094 2754 1183 2824 esse,
1207 2727 1272 2802 sed
1293 2728 1463 2829 homines
1479 2726 1580 2825 ipsos
1598 2729 1869 2829 improbitatem
1891 2729 2021 2804 fecisse

488 2828 680 2921 fatendum
714 2830 760 2903 sit
784 2833 828 2922 4).
894 2828 1012 2919 Quem
1048 2857 1135 2905 vero
1175 2829 1336 2903 hominis
1371 2830 1513 2928 lapsum
1546 2858 1592 2904 ex
1620 2831 1744 2905 anima
1770 2846 1889 2905 ortum
1929 2859 2019 2926 esse,

491 2931 692 3005 clarissime
719 2957 763 3005 ex
790 2932 904 3032 ipsius
932 2932 1080 3006 Tatiani
1105 2933 1218 3007 verbo
1246 2946 1419 3032 apparet,
1456 2957 1527 3030 quo
1555 2933 1680 3028 docet,
1719 2933 1886 3034 spiritum
1914 2933 2019 3008 initio

491 3061 572 3107 cum
601 3034 726 3106 anima
749 3033 961 3135 degentem,
990 3034 1122 3109 deinde
1147 3035 1245 3108 hano
1271 3034 1474 3108 deseruisse
1487 3034 1528 3133 ⁵).

605 3133 782 3224 Quamvis
805 3137 918 3237 igitur
943 3136 1056 3210 homo
1082 3135 1397 3237 praestantissima
1419 3150 1521 3235 parte
1548 3136 1697 3211 orbatus
1731 3138 1793 3230 sit,
1836 3154 1871 3212 et
1896 3140 2021 3212 anima

492 3238 621 3338 spiritu
643 3262 791 3334 carena,
819 3266 884 3337 per
912 3265 950 3312 se
976 3238 1070 3312 nibil
1095 3238 1239 3311 sitnisi
1265 3238 1438 3312 tenebrae
1459 3263 1528 3311 nec
1554 3239 1755 3337 quidquam
1780 3240 1819 3312 in
1847 3267 1890 3313 ea
1912 3240 2019 3314 lumi-

489 3340 683 3438 nosumG),
724 3341 891 3438 quamvis
930 3341 1116 3440 lapsorum
1150 3339 1343 3413 hominum
1375 3338 1523 3413 vivendi
1557 3341 1649 3414 ratio
1677 3340 1793 3414 brutis
1820 3342 2020 3417 assimilata

491 3442 632 3515 dicatur
653 3446 706 3539 7),
747 3442 859 3516 homo
890 3457 1013 3517 tamen
1038 3444 1150 3516 homo
1178 3468 1258 3516 esse
1283 3468 1359 3515 non
1381 3440 1525 3514 desinit.
1577 3442 1767 3540 Nusquam
1793 3445 1890 3517 enirn
1918 3471 2020 3519 mero
2059 3507 2068 3527 ,

491 3543 633 3643 spiritui
659 3544 822 3618 hominis
847 3544 1019 3619 tribuitur
1044 3571 1200 3640 nomen,
1237 3568 1370 3644 corpus
1405 3566 1487 3615 cum
1511 3544 1636 3617 anima
1662 3545 1857 3619 coniuncta
1883 3547 2049 3646 saepis-¹

492 3646 583 3720 sime
600 3646 651 3719 ita
677 3646 891 3746 appellatur.
944 3648 1082 3721 Anima
1108 3672 1254 3745 quoque
1281 3645 1369 3744 quia
1393 3645 1511 3718 libera
1536 3645 1603 3743 sit,
1644 3647 1742 3745 quod
1775 3648 1862 3721 olim
1888 3648 2021 3746 amisit,

492 3748 685 3847 requirere,
711 3764 747 3822 et
773 3748 893 3823 denuo
922 3774 1004 3822 cunr
1031 3749 1159 3850 spiritu
1186 3761 1313 3821 sancto
1341 3774 1420 3822 sese
1447 3748 1671 3849 coniungere
1690 3763 1825 3849 potest3
1854 3754 2022 3848 quamvis

490 3851 610 3946 nuda,
639 3852 787 3952 spiritus
814 3865 983 3925 ornatum
1010 3849 1185 3951 consequi
1211 3865 1246 3925 et
1271 3849 1319 3923 ad
1343 3863 1499 3924 veterem
1527 3851 1742 3926 affinitatem
1766 3852 1884 3927 redire
1901 3857 1935 3944 a)
1961 3880 2022 3928 eo·

599 4076 630 4152 1)
655 4095 680 4133 c.
704 4079 744 4135 20
767 4096 796 4154 p.
821 4078 870 4135 90.

597 4163 627 4230 2)
650 4181 673 4220 c.
699 4164 715 4220 7
739 4182 767 4240 p.
793 4165 843 4222 30.

600 4250 631 4324 a)
657 4269 682 4305 c.
707 4250 724 4305 v
748 4268 777 4326 p.
801 4251 841 4308 aa
865 4258 895 4307 a
918 4252 968 4308 34.

599 4336 631 4411 4)
656 4354 681 4395 c.
705 4338 742 4393 11
767 4355 797 4413 p.
821 4336 875 4393 52:
910 4334 962 4395 cdx
988 4331 1251 4415 {revocata-node
1273 4332 1303 4394 τὸ
1328 4333 1541 4410 ἀποθνήσκειν,
1577 4330 1806 4409 ἀποθνήσκομεν
1834 4331 1865 4393 δὲ
1889 4328 1925 4391 δι’
1948 4330 2019 4391 lav-

490 4422 563 4493 τούς.
602 4417 769 4482 Ἀνταὶίεσεν
790 4420 868 4498 ἡμᾶς
890 4420 921 4482 τὸ
946 4418 1149 4492 αὐτεξούσιον·
1180 4420 1286 4483 δοῦλοι
1307 4423 1467 4500 γεγόναμεν·
1490 4422 1518 4481 οἱ
1539 4417 1694 4498 ἐλεύθεροι
1698 4465 1711 4491 ,
1736 4416 1786 4480 διὰ
1809 4417 1856 4494 τὴν
1878 4416 2022 4495 ἁμαρτίαν

489 4506 670 4590 ίαραθημεν.
716 4507 818 4569 Οὐδέν·
837 4511 952 4589 φαῦλον
974 4506 1031 4567 ὑπὸ
1052 4510 1100 4568 τοῦ
1123 4511 1198 4569 θεοῦ
1221 4516 1391 4583 πεποίηται,
1416 4506 1463 4584 τὴν
1484 4514 1624 4588 πονηρίαν
1645 4507 1726 4585 ἡμεῖς
1749 4503 1955 4582 οἷνεδείξαμεν·

598 4599 625 4673 5]
649 4617 673 4653 c.
699 4599 738 4655 13
762 4616 791 4674 p.
816 4597 867 4654 62.

599 4684 628 4759 6)
651 4701 675 4740 ο.
700 4685 740 4742 13
763 4703 792 4761 p.
818 4686 868 4742 60.

600 4770 631 4844 7)
656 4789 680 4825 c.
706 4770 760 4827 15:
789 4767 909 4849 προῦχει
931 4769 987 4826 τῶν
1009 4768 1123 4844 θηρίων
1146 4763 1162 4825 ὃ·
1186 4764 1349 4843 ἅνθρωπος
1381 4762 1453 4825 κατὰ
1484 4762 1531 4841 τὴν
1552 4764 1700 4843 ἔναρθρον
1723 4762 1821 4843 φωνὴν
1841 4764 1952 4841 μόνον,
1987 4763 2019 4823 τὰ

493 4852 524 4914 δὲ
550 4853 639 4914 λοιπὰ
664 4858 709 4929 τῆς
733 4852 819 4930 αὐτῆς
843 4852 961 4925 ἐκείνοις
984 4850 1094 4929 διαίτης
1116 4849 1205 4924 ἐστίν,
1231 4849 1284 4913 οὔκ
1307 4853 1348 4912 αἲν
1369 4850 1514 4930 ὁμοίωσις
1537 4854 1585 4912 τοῦ
1608 4853 1692 4912 θεοῦ.

597 4943 630 5017 8)
655 4961 680 4999 c.
705 4946 743 5001 15
767 4962 796 5020 p.
821 4945 878 5001 66:
910 4946 959 5000 καί
977 4938 1032 5018 χρὴ
1054 4937 1159 4999 λοιπὸν
1190 4937 1269 5018 ἡμᾶς
1294 4939 1364 5019 ὅπερ
1386 4939 1495 5019 ἔχοντες
1517 4935 1741 5011 ἀπολωλέκαμεν
1770 4940 1849 4997 τοῦτο
1873 4941 1922 4997 νῦν
1943 4934 2020 4996 ἀνα-

489 5026 591 5102 ζητεῖν,
615 5028 763 5106 ζευγνῦναί
783 5052 810 5089 τε
833 5027 880 5103 τὴν
901 5023 993 5107 ψυχὴν
1016 5030 1053 5105 τῷ
1075 5026 1215 5102 πνεύματι
1237 5029 1275 5107 τῷ
1299 5026 1374 5105 ἁγίῳ
1397 5032 1446 5087 καί
1468 5025 1515 5102 τὴν
1536 5023 1608 5085 κατὰ
1631 5020 1706 5085 θεὸν
1721 5021 1855 5101 συζυγίαν
1876 5046 2019 5103 πραγμα-
