5034 6084
1239 623 1285 693 72

493 814 726 914 explorentur
752 834 899 883 necesse
926 823 999 904 est,
1026 823 1065 881 ut
1089 808 1129 881 in
1157 809 1329 883 omnibus
1354 809 1463 884 rebus
1494 822 1609 910 κρίσις
1634 810 1815 908 quaedam
1842 812 1924 906 fiat,
1954 838 2025 910 qua

493 918 608 1012 facta,
644 911 902 1013 quodcumque
940 910 1080 983 bonum
1111 910 1175 1006 sit,
1213 910 1421 1011 adaptetur,
1467 926 1502 985 et
1537 913 1748 1013 adaptatum
1783 912 2026 1014 praeclariore

493 1032 642 1093 ornetur
664 1014 805 1116 specie,
841 1011 1097 1111 quodcumque
1130 1038 1216 1087 vero
1253 1013 1390 1086 malum
1418 1013 1483 1110 sit,
1519 1029 1748 1090 secernatur:
1784 1041 1859 1089 non
1885 1014 2025 1115 vitupe-

493 1119 602 1194 randi
629 1118 798 1192 videntur
822 1113 1051 1215 philosophi,
1079 1114 1292 1188 notionibus
1307 1203 1309 1208 ἢ
1325 1115 1382 1190 usi
1404 1127 1440 1189 et
1497 1116 1737 1217 hilosophicis
1764 1117 1948 1211 formulis,
1976 1116 2024 1190 ab

493 1222 644 1319 antiqua
669 1215 904 1319 philosophia
929 1231 1096 1290 accurate
1129 1216 1305 1290 excultis..
1346 1223 1349 1278 ἶ
1357 1217 1454 1291 Acce
1481 1218 1510 1290 it
1541 1219 1640 1317 quod
1675 1219 1756 1318 ipsa
1790 1218 2025 1318 philosophia

434 1357 439 1366 ·
492 1321 712 1426 gravissima
738 1331 814 1394 erat
837 1317 1133 1392 instruendorum
1159 1318 1352 1392 hominum
1384 1319 1495 1416 ratio,
1529 1335 1569 1393 ut
1604 1321 1913 1395 christianismum
1947 1347 2024 1394 arn-

492 1428 742 1527 plecterentur.
793 1419 890 1494 Nam
918 1433 1043 1494 exorta
1070 1447 1114 1494 ex
1139 1420 1294 1493 humani
1327 1420 1467 1520 ingenii
1501 1421 1700 1518 desiderio,
1737 1423 1807 1496 cui'
1825 1421 2024 1522 polytheis-

491 1528 573 1601 m'us
608 1549 841 1623 nequaquam
885 1521 1107 1618 sufficiebat,
1148 1521 1235 1597 inde
1279 1549 1302 1596 a
1335 1522 1549 1621 primordiis
1586 1524 1673 1597 huic
1716 1525 1898 1598 contraria
1938 1537 2024 1599 erat.

493 1629 615 1719 Quum
637 1653 723 1701 vero
750 1623 939 1698 doctrinae
963 1623 1246 1697 christianorum
1273 1625 1549 1724 apologetarum
1581 1626 1726 1726 philoso
1753 1626 1887 1699 horum
1912 1626 2024 1725 placi-

492 1733 539 1805 tis
564 1729 829 1830 iungebantur,
856 1737 1138 1824 quantacunque
1164 1726 1273 1800 fuerit
1300 1724 1354 1799 vis
1380 1727 1551 1825 antiquae
1580 1654 1762 1803 sentiendi
1798 1728 1949 1801 rationis
1977 1727 2026 1800 ad

493 1831 711 1908 excolendas
736 1855 863 1904 eorum
890 1827 1088 1901 sententias
1115 1842 1150 1902 et
1176 1828 1343 1925 quamvis
1376 1828 1565 1904 doctrinae
1598 1856 1724 1904 eorum
1749 1829 1932 1904 interdum
1959 1829 2025 1902 ab·

493 1932 693 2010 erraverint
718 1957 741 2004 a
762 1929 962 2003 christiano
988 1928 1191 2028 principio,
1227 1955 1409 2029 nusquam
1435 1943 1556 2005 tamen
1583 1931 1622 2004 id
1647 1932 1698 2006 ita
1719 1932 1959 2030 reliquerunt,
1986 1945 2025 2005 ut

493 2033 730 2138 philosophia
762 2031 882 2132 magis
917 2030 963 2103 iis
996 2032 1166 2126 valuerit,
1205 2057 1317 2130 quam
1347 2033 1588 2132 evangelium.
1653 2034 1771 2107 Immo
1808 2060 1901 2132 quae
1938 2033 2024 2107 satis

492 2137 670 2214 rhetorice
698 2132 847 2208 sanein
874 2146 1035 2207 extrema
1055 2133 1103 2206 ad
1127 2131 1293 2209 Gentiles
1317 2133 1486 2211 dicuntur
1512 2133 1705 2210 Oratione:
1733 2134 1824 2232 „Vis
1846 2135 1922 2235 logi
1949 2162 2024 2208 non

492 2239 641 2341 quidem
668 2246 793 2336 poetas
821 2234 944 2330 efficit,
974 2261 1051 2307 non
1076 2235 1319 2335 philosophos
1344 2235 1482 2332 reddit,
1517 2264 1636 2336 neque
1669 2250 1832 2311 oratores
1860 2237 2025 2337 insignes

493 2343 558 2419 sed
580 2342 717 2415 docens
742 2336 831 2410 facit
855 2363 900 2410 ex
922 2336 1138 2411 mortalibus
1170 2335 1414 2433 immortales,
1442 2365 1487 2412 ex
1510 2338 1722 2413 hominibus
1744 2338 1860 2436 Deos,
1884 2367 1903 2413 e
1929 2353 2026 2413 terra

493 2458 614 2521 autem
637 2439 811 2515 transfert
835 2438 874 2510 in
898 2439 1073 2513 terminos
1099 2439 1195 2511 ultra
1222 2439 1434 2540 Olympum.
1487 2441 1669 2535 Accedite,
1694 2440 1886 2536 docemini,
1913 2454 2025 2516 estote

493 2564 531 2621 ut
557 2573 577 2620 e
605 2573 627 2617 o
654 2541 833 2641 quoniam
859 2554 895 2614 et
916 2553 986 2641 ego
1014 2567 1115 2615 eram
1143 2552 1185 2613 ut
1210 2568 1290 2615 vos.
1354 2541 1457 2616 Haec
1490 2570 1550 2617 me
1576 2556 1752 2643 ceperunt
1778 2523 1817 2617 ei
1839 2542 2024 2617 doctrinae

493 2651 549 2723 vis
576 2572 701 2720 divina
735 2656 770 2719 et
795 2642 873 2742 logi
906 2642 1075 2738 efficacia,
1104 2642 1413 2741 quemadmodum
1440 2644 1539 2718 enim
1564 2644 1769 2718 incantator
1790 2645 1926 2743 peritus
1950 2644 2024 2719 for-

495 2748 709 2825 midabilem
736 2758 940 2844 serpentem
964 2744 1085 2845 fugat,
1120 2756 1359 2844 posteaquam
1393 2745 1496 2841 fecit,
1531 2761 1571 2819 ut
1595 2774 1640 2822 ex
1665 2746 1817 2820 latibulo
1854 2761 2025 2847 ereperet,

494 2853 547 2927 sic
569 2853 674 2950 logos
710 2876 755 2922 ex
780 2846 919 2920 intimis
954 2847 1070 2920 animi
1104 2847 1353 2946 penetralibus
1389 2847 1642 2923 formidabiles
1678 2875 1849 2923 sensuum
1879 2849 2026 2948 expellit

494 2956 661 3030 affectus:
695 2948 890 3078 cupiditate
927 2975 1013 3023 vero
1050 2948 1201 3048 expulsa
1230 2948 1528 3048 tranquillitatem
1565 2950 1689 3024 anima
1722 2963 1757 3025 et
1795 2951 2026 3026 serenitatem

494 3050 737 3153 consequitur'
771 3096 821 3106 —
847 3051 942 3146 haec
961 3050 1049 3123 talia
1075 3065 1176 3145 sunt,
1213 3077 1307 3149 quae
1340 3052 1450 3126 ceteri
1483 3078 1627 3151 quoque
1652 3052 1875 3152 apologetae
1902 3068 1938 3127 et
1963 3081 2024 3128 ex-

494 3157 587 3261 perti
614 3170 717 3231 erant
741 3168 776 3227 et
801 3154 860 3252 pie
886 3151 1093 3226 credebant.
1145 3151 1189 3224 Id
1214 3166 1401 3251 tamquam
1425 3169 1680 3254 argumentum
1707 3153 1816 3228 totins
1843 3182 1968 3230 eorum
1991 3175 2026 3230 et

494 3257 682 3361 cogitandi
708 3269 743 3330 et
768 3252 954 3330 scribendi
977 3253 1128 3327 rationis
1155 3252 1367 3329 habendum
1394 3268 1465 3351 est,
1505 3256 1603 3353 quod
1637 3257 1823 3356 praeclare
1858 3257 2027 3357 exprimit

495 3362 680 3454 Justinus,
708 3357 754 3431 de
780 3356 947 3430 doctrina
971 3356 1172 3429 christiana
1197 3355 1340 3431 dicens:
1365 3356 1462 3430 hanc
1489 3355 1611 3431 'solam
1639 3359 1801 3457 comperi
1829 3384 1908 3433 esse
1941 3358 2023 3459 phi-

495 3462 703 3563 losophiam
730 3472 843 3532 tutam
870 3472 978 3556 atque
1003 3458 1148 3553 utilem;
1186 3457 1298 3532 habet
1323 3458 1420 3533 enim
1455 3459 1494 3531 in
1522 3485 1560 3533 se
1592 3460 1794 3535 terribilem
1827 3460 2023 3558 quamdam

496 3566 721 3642 maiestatem
748 3574 782 3635 et
808 3560 856 3633 ad
881 3586 944 3635 eos
977 3558 1245 3660 permovendos
1278 3559 1414 3635 idonea
1445 3575 1517 3655 est,
1559 3562 1621 3660 qui
1662 3562 1707 3635 de
1748 3577 1844 3638 recta
1877 3562 2024 3638 via-de-

495 3670 687 3761 flexerunt,
713 3676 748 3739 et
774 3662 990 3736 suavissima
1015 3674 1069 3736 est
1094 3661 1139 3735 iis
1163 3661 1307 3759 requies
1338 3662 1401 3759 qui
1427 3689 1508 3736 eam
1535 3678 1712 3738 exercent
