<?xml version="1.0" encoding="UTF-8"?>
<!DOCTYPE html PUBLIC "-//W3C//DTD XHTML 1.0 Transitional//EN"
    "http://www.w3.org/TR/xhtml1/DTD/xhtml1-transitional.dtd">
<html xmlns="http://www.w3.org/1999/xhtml" xml:lang="en" lang="en">
 <head>
  <title>
</title>
<meta http-equiv="Content-Type" content="text/html;charset=utf-8" />
  <meta name='ocr-system' content='tesseract 3.04.00' />
  <meta name='ocr-capabilities' content='ocr_page ocr_carea ocr_par ocr_line ocrx_word'/>
</head>
<body>
  <div class='ocr_page' id='page_1' title='image "./vimatquepotesta00ehlegoog_0023.png"; bbox 0 0 5034 6084; ppageno 0'>
   <div class='ocr_carea' id='block_1_1' title="bbox 1322 670 1398 740">
    <p class='ocr_par' dir='ltr' id='par_1_1' title="bbox 1322 670 1398 740">
     <span class='ocr_line' id='line_1_1' title="bbox 1322 670 1398 740; baseline 0.118 -8"><span class='ocrx_word' id='word_1_1' title='bbox 1322 670 1398 740; x_wconf 90' lang='lat' dir='ltr'><strong>.ll</strong></span> 
     </span>
    </p>
   </div>
   <div class='ocr_carea' id='block_1_2' title="bbox 582 866 2117 1478">
    <p class='ocr_par' dir='ltr' id='par_1_2' title="bbox 582 866 2117 1175">
     <span class='ocr_line' id='line_1_2' title="bbox 582 866 2117 969; baseline 0 -28"><span class='ocrx_word' id='word_1_2' title='bbox 582 867 747 941; x_wconf 89' lang='lat' dir='ltr'><strong>omnium</strong></span> <span class='ocrx_word' id='word_1_3' title='bbox 774 883 902 942; x_wconf 88' lang='lat' dir='ltr'><strong>contra</strong></span> <span class='ocrx_word' id='word_1_4' title='bbox 928 868 1065 969; x_wconf 83' lang='lat' dir='ltr'>dogma</span> <span class='ocrx_word' id='word_1_5' title='bbox 1082 884 1118 944; x_wconf 90' lang='lat' dir='ltr'><strong>et</strong></span> <span class='ocrx_word' id='word_1_6' title='bbox 1139 868 1300 942; x_wconf 89' lang='lat' dir='ltr'><strong>rationes</strong></span> <span class='ocrx_word' id='word_1_7' title='bbox 1321 866 1495 944; x_wconf 88' lang='lat' dir='ltr'><strong>ecclesiae</strong></span> <span class='ocrx_word' id='word_1_8' title='bbox 1514 868 1704 963; x_wconf 86' lang='lat' dir='ltr'><strong>factarum,</strong></span> <span class='ocrx_word' id='word_1_9' title='bbox 1732 894 1844 967; x_wconf 91' lang='lat' dir='ltr'><strong>quum</strong></span> <span class='ocrx_word' id='word_1_10' title='bbox 1863 867 1984 942; x_wconf 90' lang='lat' dir='ltr'><strong>adhuc</strong></span> <span class='ocrx_word' id='word_1_11' title='bbox 2002 894 2117 965; x_wconf 88' lang='lat' dir='ltr'><strong>usque</strong></span> 
     </span>
     <span class='ocr_line' id='line_1_3' title="bbox 582 969 2117 1069; baseline -0.001 -26"><span class='ocrx_word' id='word_1_12' title='bbox 582 986 728 1069; x_wconf 89' lang='lat' dir='ltr'><strong>patrum</strong></span> <span class='ocrx_word' id='word_1_13' title='bbox 754 971 953 1046; x_wconf 89' lang='lat' dir='ltr'><strong>sententiae</strong></span> <span class='ocrx_word' id='word_1_14' title='bbox 988 972 1138 1045; x_wconf 90' lang='lat' dir='ltr'><strong>nonnisi</strong></span> <span class='ocrx_word' id='word_1_15' title='bbox 1173 998 1216 1045; x_wconf 93' lang='lat' dir='ltr'><strong>eo</strong></span> <span class='ocrx_word' id='word_1_16' title='bbox 1243 969 1397 1043; x_wconf 90' lang='lat' dir='ltr'><strong>consilio</strong></span> <span class='ocrx_word' id='word_1_17' title='bbox 1423 971 1576 1045; x_wconf 84' lang='lat' dir='ltr'><strong>collatae</strong></span> <span class='ocrx_word' id='word_1_18' title='bbox 1601 982 1637 1044; x_wconf 90' lang='lat' dir='ltr'><strong>et</strong></span> <span class='ocrx_word' id='word_1_19' title='bbox 1660 970 1881 1045; x_wconf 88' lang='lat' dir='ltr'><strong>diiudicatae</strong></span> <span class='ocrx_word' id='word_1_20' title='bbox 1907 984 2044 1065; x_wconf 85' lang='lat' dir='ltr'>essent,</span> <span class='ocrx_word' id='word_1_21' title='bbox 2078 984 2117 1042; x_wconf 89' lang='lat' dir='ltr'><strong>ut</strong></span> 
     </span>
     <span class='ocr_line' id='line_1_4' title="bbox 583 1070 2115 1175; baseline -0.001 -31"><span class='ocrx_word' id='word_1_22' title='bbox 583 1098 697 1145; x_wconf 92' lang='lat' dir='ltr'><strong>unum</strong></span> <span class='ocrx_word' id='word_1_23' title='bbox 711 1072 881 1171; x_wconf 84' lang='lat' dir='ltr'>idemque</span> <span class='ocrx_word' id='word_1_24' title='bbox 895 1086 1033 1148; x_wconf 87' lang='lat' dir='ltr'><strong>mutata</strong></span> <span class='ocrx_word' id='word_1_25' title='bbox 1045 1100 1111 1175; x_wconf 89' lang='lat' dir='ltr'><strong>per</strong></span> <span class='ocrx_word' id='word_1_26' title='bbox 1125 1072 1270 1148; x_wconf 88' lang='lat' dir='ltr'><strong>saecula</strong></span> <span class='ocrx_word' id='word_1_27' title='bbox 1285 1070 1525 1146; x_wconf 88' lang='lat' dir='ltr'><strong>christianum</strong></span> <span class='ocrx_word' id='word_1_28' title='bbox 1539 1070 1677 1172; x_wconf 83' lang='lat' dir='ltr'>dogma</span> <span class='ocrx_word' id='word_1_29' title='bbox 1691 1099 1841 1147; x_wconf 89' lang='lat' dir='ltr'><strong>manere</strong></span> <span class='ocrx_word' id='word_1_30' title='bbox 1855 1071 2115 1147; x_wconf 80' lang='lat' dir='ltr'><strong>ostenderetur.</strong></span> 
     </span>
    </p>

    <p class='ocr_par' dir='ltr' id='par_1_3' title="bbox 582 1172 2115 1478">
     <span class='ocr_line' id='line_1_5' title="bbox 698 1172 2115 1275; baseline -0.002 -29"><span class='ocrx_word' id='word_1_31' title='bbox 698 1173 781 1247; x_wconf 88' lang='lat' dir='ltr'><strong>Viri</strong></span> <span class='ocrx_word' id='word_1_32' title='bbox 806 1174 905 1250; x_wconf 88' lang='lat' dir='ltr'><strong>docti</strong></span> <span class='ocrx_word' id='word_1_33' title='bbox 930 1175 961 1248; x_wconf 84' lang='lat' dir='ltr'>F</span> <span class='ocrx_word' id='word_1_34' title='bbox 963 1174 1067 1275; x_wconf 84' lang='lat' dir='ltr'><strong>aydit</strong></span> <span class='ocrx_word' id='word_1_35' title='bbox 1076 1175 1105 1274; x_wconf 95' lang='lat' dir='ltr'><strong>l)</strong></span> <span class='ocrx_word' id='word_1_36' title='bbox 1132 1190 1168 1250; x_wconf 89' lang='lat' dir='ltr'><strong>et</strong></span> <span class='ocrx_word' id='word_1_37' title='bbox 1191 1172 1227 1249; x_wconf 85' lang='lat' dir='ltr'><strong>J.</strong></span> <span class='ocrx_word' id='word_1_38' title='bbox 1255 1174 1311 1247; x_wconf 92' lang='lat' dir='ltr'><strong>W.</strong></span> <span class='ocrx_word' id='word_1_39' title='bbox 1331 1172 1481 1248; x_wconf 88' lang='lat' dir='ltr'><strong>Zierold</strong></span> <span class='ocrx_word' id='word_1_40' title='bbox 1495 1175 1526 1273; x_wconf 85' lang='lat'><strong>²)</strong></span> <span class='ocrx_word' id='word_1_41' title='bbox 1555 1198 1638 1247; x_wconf 91' lang='lat' dir='ltr'><strong>cum</strong></span> <span class='ocrx_word' id='word_1_42' title='bbox 1664 1174 1834 1274; x_wconf 86' lang='lat' dir='ltr'><strong>plurimis</strong></span> <span class='ocrx_word' id='word_1_43' title='bbox 1861 1172 2115 1249; x_wconf 83' lang='lat' dir='ltr'><strong>ecclesiasticis</strong></span> 
     </span>
     <span class='ocr_line' id='line_1_6' title="bbox 583 1274 2114 1377; baseline 0 -30"><span class='ocrx_word' id='word_1_44' title='bbox 583 1274 885 1350; x_wconf 90' lang='lat' dir='ltr'><strong>scholasticorum</strong></span> <span class='ocrx_word' id='word_1_45' title='bbox 911 1277 1131 1353; x_wconf 89' lang='lat' dir='ltr'><strong>adversariis</strong></span> <span class='ocrx_word' id='word_1_46' title='bbox 1158 1276 1447 1371; x_wconf 77' lang='lat' dir='ltr'><strong>consentienteS,</strong></span> <span class='ocrx_word' id='word_1_47' title='bbox 1474 1274 1739 1351; x_wconf 86' lang='lat' dir='ltr'><strong>ecclesiasticae</strong></span> <span class='ocrx_word' id='word_1_48' title='bbox 1765 1275 1956 1377; x_wconf 85' lang='lat' dir='ltr'><strong>religionis</strong></span> <span class='ocrx_word' id='word_1_49' title='bbox 1983 1275 2029 1349; x_wconf 90' lang='lat' dir='ltr'><strong>de</strong></span> <span class='ocrx_word' id='word_1_50' title='bbox 2055 1301 2114 1347; x_wconf 93' lang='lat' dir='ltr'><strong>ra-</strong></span> 
     </span>
     <span class='ocr_line' id='line_1_7' title="bbox 582 1303 2113 1478; baseline 0 -29"><span class='ocrx_word' id='word_1_51' title='bbox 582 1376 766 1453; x_wconf 89' lang='lat' dir='ltr'><strong>vationem</strong></span> <span class='ocrx_word' id='word_1_52' title='bbox 806 1406 851 1454; x_wconf 81' lang='lat' dir='ltr'><strong>ert</strong></span> <span class='ocrx_word' id='word_1_53' title='bbox 888 1378 1120 1454; x_wconf 85' lang='lat' dir='ltr'><strong>Aristotelioa</strong></span> <span class='ocrx_word' id='word_1_54' title='bbox 1162 1378 1393 1453; x_wconf 80' lang='lat' dir='ltr'><strong>deducebant</strong></span> <span class='ocrx_word' id='word_1_55' title='bbox 1429 1377 1684 1478; x_wconf 81' lang='lat' dir='ltr'><strong>philosophia3</strong></span> <span class='ocrx_word' id='word_1_56' title='bbox 1727 1392 1764 1452; x_wconf 88' lang='lat' dir='ltr'><strong>at</strong></span> <span class='ocrx_word' id='word_1_57' title='bbox 1805 1405 1878 1451; x_wconf 90' lang='lat' dir='ltr'><strong>una</strong></span> <span class='ocrx_word' id='word_1_58' title='bbox 1918 1378 1995 1451; x_wconf 88' lang='lat' dir='ltr'><strong>fere</strong></span> <span class='ocrx_word' id='word_1_59' title='bbox 2026 1303 2113 1450; x_wconf 56' lang='lat' dir='ltr'><strong>gol·</strong></span> 
     </span>
    </p>
   </div>
   <div class='ocr_carea' id='block_1_3' title="bbox 364 1478 2115 2193">
    <p class='ocr_par' dir='ltr' id='par_1_4' title="bbox 364 1478 2115 2193">
     <span class='ocr_line' id='line_1_8' title="bbox 585 1478 2114 1581; baseline -0.001 -29"><span class='ocrx_word' id='word_1_60' title='bbox 585 1479 731 1579; x_wconf 84' lang='lat' dir='ltr'><strong>bergius</strong></span> <span class='ocrx_word' id='word_1_61' title='bbox 745 1481 774 1580; x_wconf 79' lang='lat'><strong>³)</strong></span> <span class='ocrx_word' id='word_1_62' title='bbox 798 1480 934 1557; x_wconf 85' lang='lat' dir='ltr'><strong>exstitit</strong></span> <span class='ocrx_word' id='word_1_63' title='bbox 954 1497 1148 1581; x_wconf 88' lang='lat' dir='ltr'><strong>patresque</strong></span> <span class='ocrx_word' id='word_1_64' title='bbox 1169 1479 1343 1556; x_wconf 88' lang='lat' dir='ltr'><strong>ecclesiae</strong></span> <span class='ocrx_word' id='word_1_65' title='bbox 1362 1478 1576 1554; x_wconf 88' lang='lat' dir='ltr'><strong>crebrorum</strong></span> <span class='ocrx_word' id='word_1_66' title='bbox 1594 1481 1778 1555; x_wconf 88' lang='lat' dir='ltr'><strong>accusavit</strong></span> <span class='ocrx_word' id='word_1_67' title='bbox 1792 1479 2114 1553; x_wconf 89' lang='lat' dir='ltr'><strong>Platonismorum.</strong></span> 
     </span>
     <span class='ocr_line' id='line_1_9' title="bbox 364 1579 2114 1683; baseline -0.001 -28"><span class='ocrx_word' id='word_1_68' title='bbox 364 1646 369 1655; x_wconf 92' lang='lat'><strong>.</strong></span> <span class='ocrx_word' id='word_1_69' title='bbox 456 1595 461 1608; x_wconf 84' lang='lat'>&#39;</span> <span class='ocrx_word' id='word_1_70' title='bbox 583 1579 702 1670; x_wconf 82' lang='lat' dir='ltr'><strong>Quem</strong></span> <span class='ocrx_word' id='word_1_71' title='bbox 733 1598 876 1658; x_wconf 89' lang='lat' dir='ltr'><strong>secutus</strong></span> <span class='ocrx_word' id='word_1_72' title='bbox 909 1597 963 1657; x_wconf 88' lang='lat' dir='ltr'><strong>est</strong></span> <span class='ocrx_word' id='word_1_73' title='bbox 987 1583 1076 1657; x_wconf 85' lang='lat' dir='ltr'>Chr.</span> <span class='ocrx_word' id='word_1_74' title='bbox 1102 1584 1165 1657; x_wconf 87' lang='lat' dir='ltr'><strong>Fr.</strong></span> <span class='ocrx_word' id='word_1_75' title='bbox 1192 1582 1424 1682; x_wconf 83' lang='lat' dir='ltr'><strong>Bucherus4)</strong></span> <span class='ocrx_word' id='word_1_76' title='bbox 1458 1582 1596 1683; x_wconf 90' lang='lat' dir='ltr'><strong>etipse</strong></span> <span class='ocrx_word' id='word_1_77' title='bbox 1628 1581 1675 1658; x_wconf 87' lang='lat' dir='ltr'><strong>de</strong></span> <span class='ocrx_word' id='word_1_78' title='bbox 1695 1582 1898 1657; x_wconf 82' lang='lat' dir='ltr'><strong>Platonicis</strong></span> <span class='ocrx_word' id='word_1_79' title='bbox 1931 1581 2114 1655; x_wconf 88' lang='lat' dir='ltr'><strong>disserens</strong></span> 
     </span>
     <span class='ocr_line' id='line_1_10' title="bbox 581 1682 2115 1786; baseline 0.001 -31"><span class='ocrx_word' id='word_1_80' title='bbox 581 1682 817 1783; x_wconf 82' lang='lat' dir='ltr'><strong>dogmatibus</strong></span> <span class='ocrx_word' id='word_1_81' title='bbox 853 1685 958 1783; x_wconf 89' lang='lat' dir='ltr'><strong>quasi</strong></span> <span class='ocrx_word' id='word_1_82' title='bbox 990 1685 1232 1760; x_wconf 73' lang='lat' dir='ltr'><strong>fanaticorum</strong></span> <span class='ocrx_word' id='word_1_83' title='bbox 1265 1684 1481 1784; x_wconf 90' lang='lat' dir='ltr'><strong>opinionum</strong></span> <span class='ocrx_word' id='word_1_84' title='bbox 1511 1685 1630 1780; x_wconf 88' lang='lat' dir='ltr'><strong>fonte,</strong></span> <span class='ocrx_word' id='word_1_85' title='bbox 1664 1683 1845 1786; x_wconf 84' lang='lat' dir='ltr'><strong>imprimis</strong></span> <span class='ocrx_word' id='word_1_86' title='bbox 1879 1696 2023 1783; x_wconf 89' lang='lat' dir='ltr'><strong>patrum</strong></span> <span class='ocrx_word' id='word_1_87' title='bbox 2056 1707 2115 1757; x_wconf 89' lang='lat' dir='ltr'><strong>ec-</strong></span> 
     </span>
     <span class='ocr_line' id='line_1_11' title="bbox 581 1785 2115 1888; baseline 0 -31"><span class='ocrx_word' id='word_1_88' title='bbox 581 1785 725 1861; x_wconf 88' lang='lat' dir='ltr'><strong>clesiae.</strong></span> <span class='ocrx_word' id='word_1_89' title='bbox 787 1786 953 1877; x_wconf 79' lang='lat' dir='ltr'><strong>Quarum</strong></span> <span class='ocrx_word' id='word_1_90' title='bbox 989 1785 1278 1888; x_wconf 89' lang='lat' dir='ltr'><strong>disputationum</strong></span> <span class='ocrx_word' id='word_1_91' title='bbox 1312 1786 1466 1860; x_wconf 89' lang='lat' dir='ltr'><strong>maioris</strong></span> <span class='ocrx_word' id='word_1_92' title='bbox 1497 1787 1674 1863; x_wconf 86' lang='lat' dir='ltr'><strong>momenti</strong></span> <span class='ocrx_word' id='word_1_93' title='bbox 1707 1797 1762 1862; x_wconf 88' lang='lat' dir='ltr'><strong>est</strong></span> <span class='ocrx_word' id='word_1_94' title='bbox 1794 1800 1830 1861; x_wconf 91' lang='lat' dir='ltr'><strong>et</strong></span> <span class='ocrx_word' id='word_1_95' title='bbox 1862 1812 1952 1885; x_wconf 89' lang='lat' dir='ltr'><strong>prae</strong></span> <span class='ocrx_word' id='word_1_96' title='bbox 1986 1785 2115 1860; x_wconf 89' lang='lat' dir='ltr'><strong>ceteris</strong></span> 
     </span>
     <span class='ocr_line' id='line_1_12' title="bbox 579 1886 2114 1988; baseline 0 -29"><span class='ocrx_word' id='word_1_97' title='bbox 579 1886 714 1963; x_wconf 87' lang='lat' dir='ltr'><strong>eminet</strong></span> <span class='ocrx_word' id='word_1_98' title='bbox 745 1888 839 1963; x_wconf 89' lang='lat' dir='ltr'><strong>liber</strong></span> <span class='ocrx_word' id='word_1_99' title='bbox 872 1888 950 1984; x_wconf 92' lang='lat' dir='ltr'><strong>ille,</strong></span> <span class='ocrx_word' id='word_1_100' title='bbox 993 1888 1055 1988; x_wconf 93' lang='lat' dir='ltr'><strong>qui</strong></span> <span class='ocrx_word' id='word_1_101' title='bbox 1092 1888 1288 1988; x_wconf 90' lang='lat' dir='ltr'><strong>inscriptus</strong></span> <span class='ocrx_word' id='word_1_102' title='bbox 1322 1904 1394 1962; x_wconf 89' lang='lat' dir='ltr'><strong>est:</strong></span> <span class='ocrx_word' id='word_1_103' title='bbox 1426 1888 1480 1964; x_wconf 86' lang='lat' dir='ltr'><strong>Le</strong></span> <span class='ocrx_word' id='word_1_104' title='bbox 1511 1889 1737 1964; x_wconf 90' lang='lat' dir='ltr'><strong>Platonisme</strong></span> <span class='ocrx_word' id='word_1_105' title='bbox 1772 1887 1914 1963; x_wconf 75' lang='lat' dir='ltr'><strong>devoile</strong></span> <span class='ocrx_word' id='word_1_106' title='bbox 1927 1888 1976 1987; x_wconf 85' lang='lat'><strong>⁵),</strong></span> <span class='ocrx_word' id='word_1_107' title='bbox 2011 1886 2114 1961; x_wconf 89' lang='lat' dir='ltr'><strong>cuius</strong></span> 
     </span>
     <span class='ocr_line' id='line_1_13' title="bbox 580 1988 2115 2091; baseline -0.001 -29"><span class='ocrx_word' id='word_1_108' title='bbox 580 2004 707 2063; x_wconf 86' lang='lat' dir='ltr'><strong>auctor</strong></span> <span class='ocrx_word' id='word_1_109' title='bbox 725 2017 932 2090; x_wconf 89' lang='lat' dir='ltr'><strong>anonymus</strong></span> <span class='ocrx_word' id='word_1_110' title='bbox 958 1991 1107 2066; x_wconf 90' lang='lat' dir='ltr'><strong>nemine</strong></span> <span class='ocrx_word' id='word_1_111' title='bbox 1125 2005 1284 2091; x_wconf 86' lang='lat' dir='ltr'><strong>negante</strong></span> <span class='ocrx_word' id='word_1_112' title='bbox 1303 1990 1564 2066; x_wconf 81' lang='lat' dir='ltr'><strong>Souverainius</strong></span> <span class='ocrx_word' id='word_1_113' title='bbox 1585 2017 1666 2066; x_wconf 88' lang='lat' dir='ltr'><strong>esse</strong></span> <span class='ocrx_word' id='word_1_114' title='bbox 1689 1991 1832 2088; x_wconf 88' lang='lat' dir='ltr'><strong>dicitur,</strong></span> <span class='ocrx_word' id='word_1_115' title='bbox 1857 1990 1895 2062; x_wconf 93' lang='lat' dir='ltr'><strong>in</strong></span> <span class='ocrx_word' id='word_1_116' title='bbox 1913 1988 2115 2064; x_wconf 88' lang='lat' dir='ltr'><strong>Germania</strong></span> 
     </span>
     <span class='ocr_line' id='line_1_14' title="bbox 581 2085 2113 2193; baseline -0.001 -29"><span class='ocrx_word' id='word_1_117' title='bbox 581 2093 775 2193; x_wconf 86' lang='lat' dir='ltr'><strong>praecipue</strong></span> <span class='ocrx_word' id='word_1_118' title='bbox 810 2093 981 2168; x_wconf 89' lang='lat' dir='ltr'><strong>Loeffleri</strong></span> <span class='ocrx_word' id='word_1_119' title='bbox 1016 2093 1185 2168; x_wconf 89' lang='lat' dir='ltr'><strong>versione</strong></span> <span class='ocrx_word' id='word_1_120' title='bbox 1221 2085 1441 2193; x_wconf 70' lang='lat' dir='ltr'><strong>(llvtrl&#39;gatus.</strong></span> <span class='ocrx_word' id='word_1_121' title='bbox 1507 2092 1559 2167; x_wconf 88' lang='lat' dir='ltr'><strong>Hi</strong></span> <span class='ocrx_word' id='word_1_122' title='bbox 1592 2120 1705 2191; x_wconf 91' lang='lat' dir='ltr'><strong>quum</strong></span> <span class='ocrx_word' id='word_1_123' title='bbox 1744 2093 1816 2167; x_wconf 92' lang='lat' dir='ltr'><strong>hoc</strong></span> <span class='ocrx_word' id='word_1_124' title='bbox 1848 2091 1964 2187; x_wconf 92' lang='lat' dir='ltr'><strong>libro,</strong></span> <span class='ocrx_word' id='word_1_125' title='bbox 2004 2117 2113 2189; x_wconf 90' lang='lat' dir='ltr'><strong>quem</strong></span> 
     </span>
    </p>
   </div>
   <div class='ocr_carea' id='block_1_4' title="bbox 580 2193 2114 3010">
    <p class='ocr_par' dir='ltr' id='par_1_5' title="bbox 580 2193 2114 3010">
     <span class='ocr_line' id='line_1_15' title="bbox 582 2193 2113 2294; baseline 0.001 -30"><span class='ocrx_word' id='word_1_126' title='bbox 582 2194 685 2267; x_wconf 91' lang='lat' dir='ltr'><strong>multi</strong></span> <span class='ocrx_word' id='word_1_127' title='bbox 713 2195 826 2269; x_wconf 90' lang='lat' dir='ltr'><strong>secuti</strong></span> <span class='ocrx_word' id='word_1_128' title='bbox 853 2210 937 2268; x_wconf 88' lang='lat' dir='ltr'><strong>sunt</strong></span> <span class='ocrx_word' id='word_1_129' title='bbox 970 2195 1016 2269; x_wconf 90' lang='lat' dir='ltr'><strong>de</strong></span> <span class='ocrx_word' id='word_1_130' title='bbox 1042 2195 1170 2271; x_wconf 88' lang='lat' dir='ltr'><strong>eadem</strong></span> <span class='ocrx_word' id='word_1_131' title='bbox 1197 2221 1237 2269; x_wconf 90' lang='lat' dir='ltr'><strong>re</strong></span> <span class='ocrx_word' id='word_1_132' title='bbox 1263 2194 1467 2294; x_wconf 74' lang='lat' dir='ltr'><strong>litiganteS,</strong></span> <span class='ocrx_word' id='word_1_133' title='bbox 1502 2193 1692 2270; x_wconf 87' lang='lat' dir='ltr'><strong>veritatem</strong></span> <span class='ocrx_word' id='word_1_134' title='bbox 1718 2196 1914 2271; x_wconf 86' lang='lat' dir='ltr'><strong>revelatam</strong></span> <span class='ocrx_word' id='word_1_135' title='bbox 1942 2220 2021 2268; x_wconf 91' lang='lat' dir='ltr'><strong>esse</strong></span> <span class='ocrx_word' id='word_1_136' title='bbox 2046 2219 2113 2293; x_wconf 91' lang='lat' dir='ltr'><strong>pu-</strong></span> 
     </span>
     <span class='ocr_line' id='line_1_16' title="bbox 582 2293 2113 2395; baseline 0 -28"><span class='ocrx_word' id='word_1_137' title='bbox 582 2310 716 2391; x_wconf 88' lang='lat' dir='ltr'><strong>tarent,</strong></span> <span class='ocrx_word' id='word_1_138' title='bbox 757 2296 863 2395; x_wconf 90' lang='lat' dir='ltr'><strong>eique</strong></span> <span class='ocrx_word' id='word_1_139' title='bbox 894 2297 1051 2372; x_wconf 86' lang='lat' dir='ltr'><strong>libenter</strong></span> <span class='ocrx_word' id='word_1_140' title='bbox 1085 2296 1321 2393; x_wconf 85' lang='lat' dir='ltr'><strong>assentirent,</strong></span> <span class='ocrx_word' id='word_1_141' title='bbox 1361 2296 1416 2369; x_wconf 89' lang='lat' dir='ltr'><strong>illi</strong></span> <span class='ocrx_word' id='word_1_142' title='bbox 1446 2310 1574 2371; x_wconf 87' lang='lat' dir='ltr'><strong>contra</strong></span> <span class='ocrx_word' id='word_1_143' title='bbox 1606 2297 1844 2372; x_wconf 87' lang='lat' dir='ltr'><strong>infestissimo</strong></span> <span class='ocrx_word' id='word_1_144' title='bbox 1876 2323 1959 2370; x_wconf 87' lang='lat' dir='ltr'><strong>omn</strong></span> <span class='ocrx_word' id='word_1_145' title='bbox 1990 2293 2113 2395; x_wconf 91' lang='lat' dir='ltr'><strong>adspi-</strong></span> 
     </span>
     <span class='ocr_line' id='line_1_17' title="bbox 581 2396 2111 2499; baseline -0.001 -30"><span class='ocrx_word' id='word_1_146' title='bbox 581 2397 727 2473; x_wconf 90' lang='lat' dir='ltr'><strong>oiebant</strong></span> <span class='ocrx_word' id='word_1_147' title='bbox 761 2399 886 2473; x_wconf 89' lang='lat' dir='ltr'><strong>animo</strong></span> <span class='ocrx_word' id='word_1_148' title='bbox 925 2415 960 2474; x_wconf 90' lang='lat' dir='ltr'><strong>et</strong></span> <span class='ocrx_word' id='word_1_149' title='bbox 1000 2399 1038 2472; x_wconf 93' lang='lat' dir='ltr'><strong>in</strong></span> <span class='ocrx_word' id='word_1_150' title='bbox 1083 2426 1167 2475; x_wconf 89' lang='lat' dir='ltr'><strong>eum</strong></span> <span class='ocrx_word' id='word_1_151' title='bbox 1209 2424 1297 2499; x_wconf 88' lang='lat' dir='ltr'><strong>prae</strong></span> <span class='ocrx_word' id='word_1_152' title='bbox 1335 2398 1463 2474; x_wconf 89' lang='lat' dir='ltr'><strong>ceteris</strong></span> <span class='ocrx_word' id='word_1_153' title='bbox 1510 2399 1605 2472; x_wconf 88' lang='lat' dir='ltr'><strong>iram</strong></span> <span class='ocrx_word' id='word_1_154' title='bbox 1647 2399 1894 2474; x_wconf 86' lang='lat' dir='ltr'><strong>effundebant.</strong></span> <span class='ocrx_word' id='word_1_155' title='bbox 1927 2443 1976 2478; x_wconf 87' lang='lat'><strong>·-.</strong></span> <span class='ocrx_word' id='word_1_156' title='bbox 2037 2396 2111 2469; x_wconf 70' lang='lat'>&#39;1¹0-</span> 
     </span>
     <span class='ocr_line' id='line_1_18' title="bbox 581 2499 2113 2602; baseline 0 -29"><span class='ocrx_word' id='word_1_157' title='bbox 581 2499 652 2573; x_wconf 92' lang='lat' dir='ltr'><strong>tius</strong></span> <span class='ocrx_word' id='word_1_158' title='bbox 678 2500 751 2575; x_wconf 87' lang='lat' dir='ltr'><strong>litis</strong></span> <span class='ocrx_word' id='word_1_159' title='bbox 778 2502 914 2601; x_wconf 86' lang='lat' dir='ltr'><strong>scripta</strong></span> <span class='ocrx_word' id='word_1_160' title='bbox 938 2501 1103 2602; x_wconf 88' lang='lat' dir='ltr'><strong>proferre</strong></span> <span class='ocrx_word' id='word_1_161' title='bbox 1126 2515 1258 2576; x_wconf 89' lang='lat' dir='ltr'><strong>cuncta</strong></span> <span class='ocrx_word' id='word_1_162' title='bbox 1287 2502 1441 2602; x_wconf 92' lang='lat' dir='ltr'><strong>longum</strong></span> <span class='ocrx_word' id='word_1_163' title='bbox 1469 2515 1540 2576; x_wconf 90' lang='lat' dir='ltr'><strong>est:</strong></span> <span class='ocrx_word' id='word_1_164' title='bbox 1575 2502 1779 2576; x_wconf 90' lang='lat' dir='ltr'><strong>accuratior</strong></span> <span class='ocrx_word' id='word_1_165' title='bbox 1799 2527 1927 2580; x_wconf 87' lang='lat' dir='ltr'><strong>eorum</strong></span> <span class='ocrx_word' id='word_1_166' title='bbox 1953 2525 2113 2575; x_wconf 87' lang='lat' dir='ltr'><strong>comme-</strong></span> 
     </span>
     <span class='ocr_line' id='line_1_19' title="bbox 580 2600 2113 2704; baseline 0 -31"><span class='ocrx_word' id='word_1_167' title='bbox 580 2603 736 2676; x_wconf 89' lang='lat' dir='ltr'><strong>moratio</strong></span> <span class='ocrx_word' id='word_1_168' title='bbox 763 2603 896 2704; x_wconf 88' lang='lat' dir='ltr'><strong>legitur</strong></span> <span class='ocrx_word' id='word_1_169' title='bbox 921 2603 1020 2703; x_wconf 90' lang='lat' dir='ltr'><strong>apud</strong></span> <span class='ocrx_word' id='word_1_170' title='bbox 1047 2604 1240 2679; x_wconf 88' lang='lat' dir='ltr'><strong>Walchurn</strong></span> <span class='ocrx_word' id='word_1_171' title='bbox 1254 2604 1297 2702; x_wconf 83' lang='lat'><strong>6),</strong></span> <span class='ocrx_word' id='word_1_172' title='bbox 1324 2602 1517 2678; x_wconf 90' lang='lat' dir='ltr'><strong>Buddeum</strong></span> <span class='ocrx_word' id='word_1_173' title='bbox 1530 2602 1571 2703; x_wconf 79' lang='lat'><strong>⁷),</strong></span> <span class='ocrx_word' id='word_1_174' title='bbox 1599 2603 1762 2678; x_wconf 90' lang='lat' dir='ltr'><strong>Keilium</strong></span> <span class='ocrx_word' id='word_1_175' title='bbox 1776 2605 1818 2703; x_wconf 80' lang='lat'><strong>8).</strong></span> <span class='ocrx_word' id='word_1_176' title='bbox 1870 2601 2022 2697; x_wconf 85' lang='lat' dir='ltr'><strong>Eorum,</strong></span> <span class='ocrx_word' id='word_1_177' title='bbox 2049 2600 2113 2698; x_wconf 92' lang='lat' dir='ltr'><strong>qui</strong></span> 
     </span>
     <span class='ocr_line' id='line_1_20' title="bbox 581 2702 2113 2806; baseline -0.001 -30"><span class='ocrx_word' id='word_1_178' title='bbox 581 2703 680 2777; x_wconf 92' lang='lat' dir='ltr'><strong>haud</strong></span> <span class='ocrx_word' id='word_1_179' title='bbox 697 2705 821 2779; x_wconf 81' lang='lat' dir='ltr'><strong>multis</strong></span> <span class='ocrx_word' id='word_1_180' title='bbox 846 2732 869 2779; x_wconf 89' lang='lat' dir='ltr'><strong>a</strong></span> <span class='ocrx_word' id='word_1_181' title='bbox 884 2703 1123 2781; x_wconf 80' lang='lat' dir='ltr'><strong>Souverainio</strong></span> <span class='ocrx_word' id='word_1_182' title='bbox 1150 2705 1379 2802; x_wconf 87' lang='lat' dir='ltr'><strong>dissentiunt,</strong></span> <span class='ocrx_word' id='word_1_183' title='bbox 1408 2704 1645 2806; x_wconf 82' lang='lat' dir='ltr'><strong>Clericum9),</strong></span> <span class='ocrx_word' id='word_1_184' title='bbox 1672 2733 1800 2782; x_wconf 89' lang='lat' dir='ltr'><strong>eorum</strong></span> <span class='ocrx_word' id='word_1_185' title='bbox 1821 2704 1885 2804; x_wconf 92' lang='lat' dir='ltr'><strong>qui</strong></span> <span class='ocrx_word' id='word_1_186' title='bbox 1904 2705 1995 2779; x_wconf 85' lang='lat' dir='ltr'><strong>tales</strong></span> <span class='ocrx_word' id='word_1_187' title='bbox 2015 2702 2113 2777; x_wconf 89' lang='lat' dir='ltr'><strong>viros</strong></span> 
     </span>
     <span class='ocr_line' id='line_1_21' title="bbox 580 2806 2114 2906; baseline -0.001 -28"><span class='ocrx_word' id='word_1_188' title='bbox 580 2806 737 2881; x_wconf 88' lang='lat' dir='ltr'><strong>refutare</strong></span> <span class='ocrx_word' id='word_1_189' title='bbox 774 2807 1019 2903; x_wconf 91' lang='lat' dir='ltr'><strong>conabantur,</strong></span> <span class='ocrx_word' id='word_1_190' title='bbox 1056 2807 1260 2906; x_wconf 83' lang='lat' dir='ltr'><strong>Baltum10)</strong></span> <span class='ocrx_word' id='word_1_191' title='bbox 1295 2807 1542 2882; x_wconf 86' lang='lat' dir='ltr'><strong>nominamus.</strong></span> <span class='ocrx_word' id='word_1_192' title='bbox 1603 2807 1863 2884; x_wconf 81' lang='lat' dir='ltr'><strong>Souverainius</strong></span> <span class='ocrx_word' id='word_1_193' title='bbox 1889 2820 1925 2881; x_wconf 90' lang='lat' dir='ltr'><strong>et</strong></span> <span class='ocrx_word' id='word_1_194' title='bbox 1950 2806 2114 2880; x_wconf 83' lang='lat' dir='ltr'><strong>Clericus</strong></span> 
     </span>
     <span class='ocr_line' id='line_1_22' title="bbox 580 2906 2112 3010; baseline 0.002 -33"><span class='ocrx_word' id='word_1_195' title='bbox 580 2923 718 2983; x_wconf 81' lang='lat' dir='ltr'><strong>veteres</strong></span> <span class='ocrx_word' id='word_1_196' title='bbox 741 2908 916 2984; x_wconf 90' lang='lat' dir='ltr'><strong>ecclesiae</strong></span> <span class='ocrx_word' id='word_1_197' title='bbox 942 2908 1124 3004; x_wconf 88' lang='lat' dir='ltr'><strong>doctores,</strong></span> <span class='ocrx_word' id='word_1_198' title='bbox 1160 2935 1273 3007; x_wconf 88' lang='lat' dir='ltr'><strong>quum</strong></span> <span class='ocrx_word' id='word_1_199' title='bbox 1297 2909 1473 3010; x_wconf 87' lang='lat' dir='ltr'><strong>legissent</strong></span> <span class='ocrx_word' id='word_1_200' title='bbox 1498 2909 1715 3010; x_wconf 86' lang='lat' dir='ltr'><strong>scripturam</strong></span> <span class='ocrx_word' id='word_1_201' title='bbox 1738 2910 1825 2985; x_wconf 92' lang='lat' dir='ltr'><strong>inde</strong></span> <span class='ocrx_word' id='word_1_202' title='bbox 1857 2922 1897 2982; x_wconf 91' lang='lat' dir='ltr'><strong>ut</strong></span> <span class='ocrx_word' id='word_1_203' title='bbox 1922 2906 2112 3008; x_wconf 88' lang='lat' dir='ltr'><strong>religionis</strong></span> 
     </span>
    </p>
   </div>
   <div class='ocr_carea' id='block_1_5' title="bbox 691 3176 2111 3260">
    <p class='ocr_par' dir='ltr' id='par_1_6' title="bbox 691 3176 2111 3260">
     <span class='ocr_line' id='line_1_23' title="bbox 691 3176 2111 3260; baseline 0.001 -23"><span class='ocrx_word' id='word_1_204' title='bbox 691 3177 719 3260; x_wconf 87' lang='lat'><strong>1)</strong></span> <span class='ocrx_word' id='word_1_205' title='bbox 745 3177 914 3236; x_wconf 76' lang='lat' dir='ltr'><strong>Alteration</strong></span> <span class='ocrx_word' id='word_1_206' title='bbox 930 3176 970 3236; x_wconf 87' lang='lat' dir='ltr'><strong>du</strong></span> <span class='ocrx_word' id='word_1_207' title='bbox 987 3176 1095 3253; x_wconf 79' lang='lat' dir='ltr'><strong>dogma</strong></span> <span class='ocrx_word' id='word_1_208' title='bbox 1110 3176 1304 3259; x_wconf 74' lang='lat' dir='ltr'><strong>theologique</strong></span> <span class='ocrx_word' id='word_1_209' title='bbox 1317 3199 1373 3258; x_wconf 83' lang='lat' dir='ltr'><strong>par</strong></span> <span class='ocrx_word' id='word_1_210' title='bbox 1388 3179 1418 3238; x_wconf 82' lang='lat' dir='ltr'><strong>la</strong></span> <span class='ocrx_word' id='word_1_211' title='bbox 1432 3178 1622 3259; x_wconf 88' lang='lat' dir='ltr'><strong>philosophie</strong></span> <span class='ocrx_word' id='word_1_212' title='bbox 1636 3178 1838 3239; x_wconf 85' lang='lat' dir='ltr'><strong>d&#39;Aristotele.</strong></span> <span class='ocrx_word' id='word_1_213' title='bbox 1872 3179 1942 3237; x_wconf 88' lang='lat' dir='ltr'><strong>Par.</strong></span> <span class='ocrx_word' id='word_1_214' title='bbox 1955 3182 2049 3239; x_wconf 84' lang='grc'><strong>1696.</strong></span> <span class='ocrx_word' id='word_1_215' title='bbox 2081 3183 2111 3240; x_wconf 84' lang='grc'><strong>8.</strong></span> 
     </span>
    </p>
   </div>
   <div class='ocr_carea' id='block_1_6' title="bbox 580 3282 2114 4225">
    <p class='ocr_par' dir='ltr' id='par_1_7' title="bbox 580 3282 2114 4225">
     <span class='ocr_line' id='line_1_24' title="bbox 688 3282 2114 3362; baseline 0 -21"><span class='ocrx_word' id='word_1_216' title='bbox 688 3285 719 3358; x_wconf 73' lang='grc'><strong>2)</strong></span> <span class='ocrx_word' id='word_1_217' title='bbox 741 3282 861 3342; x_wconf 89' lang='lat' dir='ltr'><strong>Zierold</strong></span> <span class='ocrx_word' id='word_1_218' title='bbox 886 3282 1079 3358; x_wconf 82' lang='lat' dir='ltr'><strong>„Einleitung</strong></span> <span class='ocrx_word' id='word_1_219' title='bbox 1102 3304 1154 3342; x_wconf 82' lang='lat' dir='ltr'><strong>zur</strong></span> <span class='ocrx_word' id='word_1_220' title='bbox 1175 3283 1295 3359; x_wconf 80' lang='lat' dir='ltr'><strong>grflndl.</strong></span> <span class='ocrx_word' id='word_1_221' title='bbox 1317 3283 1568 3361; x_wconf 85' lang='lat' dir='ltr'><strong>Kirchengesch.,</strong></span> <span class='ocrx_word' id='word_1_222' title='bbox 1598 3284 1651 3342; x_wconf 89' lang='lat' dir='ltr'><strong>mit</strong></span> <span class='ocrx_word' id='word_1_223' title='bbox 1674 3283 1703 3342; x_wconf 91' lang='lat' dir='ltr'><strong>d.</strong></span> <span class='ocrx_word' id='word_1_224' title='bbox 1726 3282 1794 3341; x_wconf 87' lang='lat' dir='ltr'><strong>hist.</strong></span> <span class='ocrx_word' id='word_1_225' title='bbox 1817 3282 1925 3362; x_wconf 89' lang='lat' dir='ltr'><strong>philos.</strong></span> <span class='ocrx_word' id='word_1_226' title='bbox 1949 3282 2114 3362; x_wconf 80' lang='lat' dir='ltr'><strong>verknttpft</strong></span> 
     </span>
     <span class='ocr_line' id='line_1_25' title="bbox 583 3368 2113 3449; baseline 0.003 -23"><span class='ocrx_word' id='word_1_227' title='bbox 583 3370 676 3442; x_wconf 82' lang='grc'><strong>1700,</strong></span> <span class='ocrx_word' id='word_1_228' title='bbox 699 3372 729 3429; x_wconf 87' lang='grc'><strong>4.</strong></span> <span class='ocrx_word' id='word_1_229' title='bbox 752 3370 789 3431; x_wconf 88' lang='lat' dir='ltr'><strong>V.</strong></span> <span class='ocrx_word' id='word_1_230' title='bbox 811 3390 841 3449; x_wconf 91' lang='lat' dir='ltr'><strong>p.</strong></span> <span class='ocrx_word' id='word_1_231' title='bbox 856 3373 931 3430; x_wconf 79' lang='lat'><strong>337:</strong></span> <span class='ocrx_word' id='word_1_232' title='bbox 954 3369 1025 3428; x_wconf 89' lang='lat' dir='ltr'><strong>Nun</strong></span> <span class='ocrx_word' id='word_1_233' title='bbox 1047 3369 1113 3447; x_wconf 81' lang='lat' dir='ltr'><strong>lrag</strong></span> <span class='ocrx_word' id='word_1_234' title='bbox 1136 3369 1183 3429; x_wconf 87' lang='lat' dir='ltr'><strong>ich</strong></span> <span class='ocrx_word' id='word_1_235' title='bbox 1205 3390 1283 3430; x_wconf 78' lang='lat' dir='ltr'><strong>twar</strong></span> <span class='ocrx_word' id='word_1_236' title='bbox 1300 3371 1396 3431; x_wconf 81' lang='lat' dir='ltr'><strong>nichts</strong></span> <span class='ocrx_word' id='word_1_237' title='bbox 1412 3371 1488 3431; x_wconf 85' lang='lat' dir='ltr'><strong>nach</strong></span> <span class='ocrx_word' id='word_1_238' title='bbox 1502 3370 1639 3443; x_wconf 86' lang='lat' dir='ltr'><strong>Platone,</strong></span> <span class='ocrx_word' id='word_1_239' title='bbox 1665 3369 1726 3429; x_wconf 88' lang='lat' dir='ltr'><strong>und</strong></span> <span class='ocrx_word' id='word_1_240' title='bbox 1749 3369 1807 3428; x_wconf 85' lang='lat' dir='ltr'><strong>hsb</strong></span> <span class='ocrx_word' id='word_1_241' title='bbox 1830 3370 1880 3428; x_wconf 93' lang='lat' dir='ltr'><strong>ihn</strong></span> <span class='ocrx_word' id='word_1_242' title='bbox 1903 3368 1994 3429; x_wconf 84' lang='lat' dir='ltr'><strong>sehon</strong></span> <span class='ocrx_word' id='word_1_243' title='bbox 2012 3370 2113 3446; x_wconf 69' lang='lat' dir='ltr'><strong>ltngst</strong></span> 
     </span>
     <span class='ocr_line' id='line_1_26' title="bbox 582 3454 2112 3537; baseline 0.003 -26"><span class='ocrx_word' id='word_1_244' title='bbox 582 3457 760 3527; x_wconf 87' lang='lat' dir='ltr'><strong>verworsen,</strong></span> <span class='ocrx_word' id='word_1_245' title='bbox 795 3457 884 3516; x_wconf 84' lang='lat' dir='ltr'><strong>allein</strong></span> <span class='ocrx_word' id='word_1_246' title='bbox 908 3455 957 3515; x_wconf 87' lang='lat' dir='ltr'><strong>die</strong></span> <span class='ocrx_word' id='word_1_247' title='bbox 978 3454 1137 3514; x_wconf 84' lang='lat' dir='ltr'><strong>Wahrheit</strong></span> <span class='ocrx_word' id='word_1_248' title='bbox 1159 3459 1288 3531; x_wconf 74' lang='lat' dir='ltr'><strong>twingst</strong></span> <span class='ocrx_word' id='word_1_249' title='bbox 1310 3458 1387 3517; x_wconf 89' lang='lat' dir='ltr'><strong>mich</strong></span> <span class='ocrx_word' id='word_1_250' title='bbox 1415 3479 1452 3517; x_wconf 83' lang='lat' dir='ltr'><strong>zu</strong></span> <span class='ocrx_word' id='word_1_251' title='bbox 1483 3476 1593 3537; x_wconf 83' lang='lat' dir='ltr'><strong>sagon,</strong></span> <span class='ocrx_word' id='word_1_252' title='bbox 1628 3456 1697 3515; x_wconf 84' lang='lat' dir='ltr'><strong>dass</strong></span> <span class='ocrx_word' id='word_1_253' title='bbox 1724 3454 1773 3515; x_wconf 89' lang='lat' dir='ltr'><strong>die</strong></span> <span class='ocrx_word' id='word_1_254' title='bbox 1795 3456 1877 3515; x_wconf 87' lang='lat' dir='ltr'><strong>Lehr</strong></span> <span class='ocrx_word' id='word_1_255' title='bbox 1900 3455 2028 3516; x_wconf 88' lang='lat' dir='ltr'><strong>Simonis</strong></span> <span class='ocrx_word' id='word_1_256' title='bbox 2050 3456 2112 3516; x_wconf 91' lang='lat' dir='ltr'><strong>und</strong></span> 
     </span>
     <span class='ocr_line' id='line_1_27' title="bbox 582 3539 2112 3619; baseline 0.001 -20"><span class='ocrx_word' id='word_1_257' title='bbox 582 3545 666 3602; x_wconf 88' lang='lat' dir='ltr'><strong>seine</strong></span> <span class='ocrx_word' id='word_1_258' title='bbox 682 3543 866 3619; x_wconf 84' lang='lat' dir='ltr'><strong>Nachfolger</strong></span> <span class='ocrx_word' id='word_1_259' title='bbox 889 3543 937 3601; x_wconf 87' lang='lat' dir='ltr'><strong>die</strong></span> <span class='ocrx_word' id='word_1_260' title='bbox 960 3539 1105 3613; x_wconf 86' lang='lat' dir='ltr'><strong>Gnostici,</strong></span> <span class='ocrx_word' id='word_1_261' title='bbox 1129 3542 1259 3602; x_wconf 84' lang='lat' dir='ltr'><strong>hernach</strong></span> <span class='ocrx_word' id='word_1_262' title='bbox 1284 3543 1333 3603; x_wconf 87' lang='lat' dir='ltr'><strong>die</strong></span> <span class='ocrx_word' id='word_1_263' title='bbox 1346 3545 1583 3615; x_wconf 66' lang='lat' dir='ltr'><strong>Valentiniana,</strong></span> <span class='ocrx_word' id='word_1_264' title='bbox 1605 3543 1743 3616; x_wconf 84' lang='lat' dir='ltr'><strong>Arianer,</strong></span> <span class='ocrx_word' id='word_1_265' title='bbox 1766 3543 1911 3602; x_wconf 84' lang='lat' dir='ltr'><strong>Aetianer</strong></span> <span class='ocrx_word' id='word_1_266' title='bbox 1934 3542 1993 3602; x_wconf 89' lang='lat' dir='ltr'><strong>und</strong></span> <span class='ocrx_word' id='word_1_267' title='bbox 2008 3543 2112 3602; x_wconf 85' lang='lat' dir='ltr'><strong>Athei·</strong></span> 
     </span>
     <span class='ocr_line' id='line_1_28' title="bbox 582 3627 2111 3708; baseline 0.001 -22"><span class='ocrx_word' id='word_1_268' title='bbox 582 3641 664 3701; x_wconf 83' lang='lat' dir='ltr'><strong>sten,</strong></span> <span class='ocrx_word' id='word_1_269' title='bbox 696 3630 875 3706; x_wconf 83' lang='lat' dir='ltr'><strong>Pelagianer</strong></span> <span class='ocrx_word' id='word_1_270' title='bbox 903 3627 964 3687; x_wconf 89' lang='lat' dir='ltr'><strong>und</strong></span> <span class='ocrx_word' id='word_1_271' title='bbox 987 3629 1131 3707; x_wconf 85' lang='lat' dir='ltr'><strong>Papiston</strong></span> <span class='ocrx_word' id='word_1_272' title='bbox 1162 3630 1367 3690; x_wconf 89' lang='lat' dir='ltr'><strong>vornehmlich</strong></span> <span class='ocrx_word' id='word_1_273' title='bbox 1396 3650 1450 3690; x_wconf 85' lang='lat' dir='ltr'><strong>aus</strong></span> <span class='ocrx_word' id='word_1_274' title='bbox 1472 3630 1652 3690; x_wconf 81' lang='lat' dir='ltr'><strong>Aristoteles</strong></span> <span class='ocrx_word' id='word_1_275' title='bbox 1675 3629 1863 3688; x_wconf 83' lang='lat' dir='ltr'><strong>entstanden.</strong></span> <span class='ocrx_word' id='word_1_276' title='bbox 1920 3650 1949 3708; x_wconf 93' lang='lat' dir='ltr'><strong>p.</strong></span> <span class='ocrx_word' id='word_1_277' title='bbox 1966 3632 2042 3689; x_wconf 79' lang='lat'>443:</span> <span class='ocrx_word' id='word_1_278' title='bbox 2065 3629 2111 3688; x_wconf 87' lang='lat' dir='ltr'><strong>Im</strong></span> 
     </span>
     <span class='ocr_line' id='line_1_29' title="bbox 581 3714 2111 3787; baseline 0.002 -15"><span class='ocrx_word' id='word_1_279' title='bbox 581 3715 692 3774; x_wconf 86' lang='lat' dir='ltr'><strong>dritten</strong></span> <span class='ocrx_word' id='word_1_280' title='bbox 714 3716 775 3774; x_wconf 90' lang='lat' dir='ltr'><strong>und</strong></span> <span class='ocrx_word' id='word_1_281' title='bbox 799 3714 1038 3787; x_wconf 83' lang='lat' dir='ltr'><strong>nachlolgenden</strong></span> <span class='ocrx_word' id='word_1_282' title='bbox 1052 3715 1167 3775; x_wconf 86' lang='lat' dir='ltr'><strong>Seculis</strong></span> <span class='ocrx_word' id='word_1_283' title='bbox 1189 3716 1242 3775; x_wconf 81' lang='lat' dir='ltr'><strong>hat</strong></span> <span class='ocrx_word' id='word_1_284' title='bbox 1265 3716 1328 3777; x_wconf 86' lang='lat' dir='ltr'><strong>sich</strong></span> <span class='ocrx_word' id='word_1_285' title='bbox 1345 3717 1399 3777; x_wconf 85' lang='lat' dir='ltr'><strong>das</strong></span> <span class='ocrx_word' id='word_1_286' title='bbox 1414 3715 1603 3777; x_wconf 85' lang='lat' dir='ltr'><strong>Geheimniss</strong></span> <span class='ocrx_word' id='word_1_287' title='bbox 1620 3715 1674 3776; x_wconf 88' lang='lat' dir='ltr'><strong>der</strong></span> <span class='ocrx_word' id='word_1_288' title='bbox 1687 3716 1812 3775; x_wconf 86' lang='lat' dir='ltr'><strong>Bcsheit</strong></span> <span class='ocrx_word' id='word_1_289' title='bbox 1828 3716 1996 3776; x_wconf 88' lang='lat' dir='ltr'><strong>sonderlich</strong></span> <span class='ocrx_word' id='word_1_290' title='bbox 2019 3716 2111 3775; x_wconf 90' lang='lat' dir='ltr'><strong>durch</strong></span> 
     </span>
     <span class='ocr_line' id='line_1_30' title="bbox 582 3801 2112 3883; baseline 0 -22"><span class='ocrx_word' id='word_1_291' title='bbox 582 3803 634 3861; x_wconf 90' lang='lat' dir='ltr'><strong>das</strong></span> <span class='ocrx_word' id='word_1_292' title='bbox 657 3802 886 3862; x_wconf 85' lang='lat' dir='ltr'><strong>Aristotelische</strong></span> <span class='ocrx_word' id='word_1_293' title='bbox 909 3801 1153 3862; x_wconf 82' lang='lat' dir='ltr'><strong>Christenthumb</strong></span> <span class='ocrx_word' id='word_1_294' title='bbox 1175 3803 1260 3862; x_wconf 88' lang='lat' dir='ltr'><strong>mehr</strong></span> <span class='ocrx_word' id='word_1_295' title='bbox 1282 3803 1342 3863; x_wconf 89' lang='lat' dir='ltr'><strong>und</strong></span> <span class='ocrx_word' id='word_1_296' title='bbox 1369 3804 1453 3863; x_wconf 86' lang='lat' dir='ltr'><strong>mehr</strong></span> <span class='ocrx_word' id='word_1_297' title='bbox 1482 3804 1656 3864; x_wconf 84' lang='lat' dir='ltr'><strong>offenbsret.</strong></span> <span class='ocrx_word' id='word_1_298' title='bbox 1700 3824 1730 3883; x_wconf 88' lang='lat' dir='ltr'><strong>p.</strong></span> <span class='ocrx_word' id='word_1_299' title='bbox 1745 3806 1806 3865; x_wconf 81' lang='lat'><strong>348</strong></span> <span class='ocrx_word' id='word_1_300' title='bbox 1829 3803 1988 3880; x_wconf 81' lang='lat' dir='ltr'><strong>Pelagiani</strong></span> <span class='ocrx_word' id='word_1_301' title='bbox 2011 3802 2112 3861; x_wconf 87' lang='lat' dir='ltr'><strong>dicun·</strong></span> 
     </span>
     <span class='ocr_line' id='line_1_31' title="bbox 582 3886 2111 3968; baseline -0.001 -21"><span class='ocrx_word' id='word_1_302' title='bbox 582 3903 629 3948; x_wconf 89' lang='lat' dir='ltr'><strong>tur</strong></span> <span class='ocrx_word' id='word_1_303' title='bbox 653 3890 725 3961; x_wconf 82' lang='lat' dir='ltr'><strong>„des</strong></span> <span class='ocrx_word' id='word_1_304' title='bbox 748 3890 928 3949; x_wconf 86' lang='lat' dir='ltr'><strong>Aristoteles</strong></span> <span class='ocrx_word' id='word_1_305' title='bbox 950 3887 1070 3948; x_wconf 82' lang='lat' dir='ltr'><strong>Affen“.</strong></span> <span class='ocrx_word' id='word_1_306' title='bbox 1114 3909 1144 3968; x_wconf 93' lang='lat' dir='ltr'><strong>p.</strong></span> <span class='ocrx_word' id='word_1_307' title='bbox 1164 3891 1243 3950; x_wconf 82' lang='lat'><strong>366:</strong></span> <span class='ocrx_word' id='word_1_308' title='bbox 1266 3890 1360 3950; x_wconf 87' lang='lat' dir='ltr'><strong>Diese</strong></span> <span class='ocrx_word' id='word_1_309' title='bbox 1381 3890 1449 3950; x_wconf 87' lang='lat' dir='ltr'><strong>hist.</strong></span> <span class='ocrx_word' id='word_1_310' title='bbox 1472 3890 1677 3966; x_wconf 81' lang='lat' dir='ltr'><strong>Batrachtung</strong></span> <span class='ocrx_word' id='word_1_311' title='bbox 1699 3888 2013 3951; x_wconf 84' lang='lat' dir='ltr'><strong>desAristotelischen</strong></span> <span class='ocrx_word' id='word_1_312' title='bbox 2027 3886 2111 3947; x_wconf 82' lang='lat' dir='ltr'><strong>chri-</strong></span> 
     </span>
     <span class='ocr_line' id='line_1_32' title="bbox 580 3974 2111 4055; baseline -0.001 -20"><span class='ocrx_word' id='word_1_313' title='bbox 580 3976 746 4035; x_wconf 89' lang='lat' dir='ltr'><strong>stenthnms</strong></span> <span class='ocrx_word' id='word_1_314' title='bbox 768 3995 821 4034; x_wconf 90' lang='lat' dir='ltr'><strong>vor</strong></span> <span class='ocrx_word' id='word_1_315' title='bbox 843 3975 976 4035; x_wconf 87' lang='lat' dir='ltr'><strong>Luthero</strong></span> <span class='ocrx_word' id='word_1_316' title='bbox 998 3976 1037 4034; x_wconf 89' lang='lat' dir='ltr'><strong>ist</strong></span> <span class='ocrx_word' id='word_1_317' title='bbox 1066 3975 1135 4035; x_wconf 85' lang='lat' dir='ltr'><strong>sehr</strong></span> <span class='ocrx_word' id='word_1_318' title='bbox 1161 3977 1354 4055; x_wconf 83' lang='lat' dir='ltr'><strong>nothwcndig</strong></span> <span class='ocrx_word' id='word_1_319' title='bbox 1380 3978 1441 4038; x_wconf 85' lang='lat' dir='ltr'><strong>und</strong></span> <span class='ocrx_word' id='word_1_320' title='bbox 1464 3979 1609 4051; x_wconf 75' lang='lat' dir='ltr'><strong>ntltzlieh,</strong></span> <span class='ocrx_word' id='word_1_321' title='bbox 1643 3977 1723 4037; x_wconf 86' lang='lat' dir='ltr'><strong>deun</strong></span> <span class='ocrx_word' id='word_1_322' title='bbox 1753 3975 1934 4034; x_wconf 64' lang='lat' dir='ltr'><strong>werelieses</strong></span> <span class='ocrx_word' id='word_1_323' title='bbox 1957 3974 2111 4047; x_wconf 85' lang='lat' dir='ltr'><strong>erkennet,</strong></span> 
     </span>
     <span class='ocr_line' id='line_1_33' title="bbox 581 4060 2112 4142; baseline 0.003 -25"><span class='ocrx_word' id='word_1_324' title='bbox 581 4062 654 4122; x_wconf 80' lang='lat' dir='ltr'><strong>wird</strong></span> <span class='ocrx_word' id='word_1_325' title='bbox 677 4063 767 4122; x_wconf 89' lang='lat' dir='ltr'><strong>leieht</strong></span> <span class='ocrx_word' id='word_1_326' title='bbox 789 4064 876 4122; x_wconf 88' lang='lat' dir='ltr'><strong>einen</strong></span> <span class='ocrx_word' id='word_1_327' title='bbox 900 4062 978 4123; x_wconf 82' lang='lat' dir='ltr'><strong>Ekel</strong></span> <span class='ocrx_word' id='word_1_328' title='bbox 1001 4081 1056 4121; x_wconf 87' lang='lat' dir='ltr'><strong>vor</strong></span> <span class='ocrx_word' id='word_1_329' title='bbox 1078 4063 1132 4121; x_wconf 83' lang='lat' dir='ltr'><strong>das</strong></span> <span class='ocrx_word' id='word_1_330' title='bbox 1155 4063 1301 4142; x_wconf 84' lang='lat' dir='ltr'><strong>Papstum</strong></span> <span class='ocrx_word' id='word_1_331' title='bbox 1332 4064 1524 4138; x_wconf 85' lang='lat' dir='ltr'><strong>bckommsn,</strong></span> <span class='ocrx_word' id='word_1_332' title='bbox 1555 4064 1599 4124; x_wconf 88' lang='lat' dir='ltr'><strong>als</strong></span> <span class='ocrx_word' id='word_1_333' title='bbox 1628 4062 1755 4122; x_wconf 86' lang='lat' dir='ltr'><strong>welches</strong></span> <span class='ocrx_word' id='word_1_334' title='bbox 1778 4060 1834 4121; x_wconf 84' lang='lat' dir='ltr'><strong>anf</strong></span> <span class='ocrx_word' id='word_1_335' title='bbox 1852 4063 1940 4121; x_wconf 87' lang='lat' dir='ltr'><strong>einen</strong></span> <span class='ocrx_word' id='word_1_336' title='bbox 1961 4061 2112 4138; x_wconf 85' lang='lat' dir='ltr'><strong>gottlosen</strong></span> 
     </span>
     <span class='ocr_line' id='line_1_34' title="bbox 582 4148 1223 4225; baseline 0.003 -17"><span class='ocrx_word' id='word_1_337' title='bbox 582 4149 702 4209; x_wconf 87' lang='lat' dir='ltr'><strong>Heidon</strong></span> <span class='ocrx_word' id='word_1_338' title='bbox 725 4150 784 4209; x_wconf 88' lang='lat' dir='ltr'><strong>den</strong></span> <span class='ocrx_word' id='word_1_339' title='bbox 807 4150 1001 4209; x_wconf 83' lang='lat' dir='ltr'><strong>Aristotelem</strong></span> <span class='ocrx_word' id='word_1_340' title='bbox 1024 4148 1154 4225; x_wconf 85' lang='lat' dir='ltr'><strong>gebauet</strong></span> <span class='ocrx_word' id='word_1_341' title='bbox 1176 4151 1223 4210; x_wconf 86' lang='lat' dir='ltr'><strong>ist.</strong></span> 
     </span>
    </p>
   </div>
   <div class='ocr_carea' id='block_1_7' title="bbox 688 4250 2111 4334">
    <p class='ocr_par' dir='ltr' id='par_1_8' title="bbox 688 4250 2111 4334">
     <span class='ocr_line' id='line_1_35' title="bbox 688 4250 2111 4334; baseline -0.002 -20"><span class='ocrx_word' id='word_1_342' title='bbox 688 4257 719 4328; x_wconf 90' lang='lat'><strong>3)</strong></span> <span class='ocrx_word' id='word_1_343' title='bbox 744 4254 1062 4332; x_wconf 82' lang='lat' dir='ltr'><strong>Hermetischplatou.</strong></span> <span class='ocrx_word' id='word_1_344' title='bbox 1086 4252 1321 4327; x_wconf 84' lang='lat' dir='ltr'><strong>Christenthum,</strong></span> <span class='ocrx_word' id='word_1_345' title='bbox 1345 4274 1375 4333; x_wconf 91' lang='lat' dir='ltr'><strong>p.</strong></span> <span class='ocrx_word' id='word_1_346' title='bbox 1385 4254 1411 4325; x_wconf 85' lang='lat' dir='ltr'><strong>I,</strong></span> <span class='ocrx_word' id='word_1_347' title='bbox 1434 4274 1459 4313; x_wconf 88' lang='lat' dir='ltr'><strong>c.</strong></span> <span class='ocrx_word' id='word_1_348' title='bbox 1478 4258 1506 4327; x_wconf 92' lang='lat'><strong>1,</strong></span> <span class='ocrx_word' id='word_1_349' title='bbox 1531 4250 1626 4334; x_wconf 76' lang='lat' dir='ltr'><strong>§.VL</strong></span> <span class='ocrx_word' id='word_1_350' title='bbox 1649 4272 1678 4332; x_wconf 89' lang='lat' dir='ltr'><strong>p.</strong></span> <span class='ocrx_word' id='word_1_351' title='bbox 1691 4254 1731 4312; x_wconf 78' lang='lat'><strong>26</strong></span> <span class='ocrx_word' id='word_1_352' title='bbox 1754 4271 1820 4333; x_wconf 89' lang='lat' dir='ltr'><strong>sqq.</strong></span> <span class='ocrx_word' id='word_1_353' title='bbox 1863 4251 1948 4330; x_wconf 88' lang='lat' dir='ltr'><strong>Lips.</strong></span> <span class='ocrx_word' id='word_1_354' title='bbox 1966 4252 2059 4309; x_wconf 87' lang='grc'><strong>1690.</strong></span> <span class='ocrx_word' id='word_1_355' title='bbox 2083 4253 2111 4311; x_wconf 82' lang='lat'><strong>8·</strong></span> 
     </span>
    </p>
   </div>
   <div class='ocr_carea' id='block_1_8' title="bbox 581 4351 2112 4522">
    <p class='ocr_par' dir='ltr' id='par_1_9' title="bbox 581 4351 2112 4522">
     <span class='ocr_line' id='line_1_36' title="bbox 688 4351 2112 4437; baseline -0.002 -21"><span class='ocrx_word' id='word_1_356' title='bbox 688 4360 720 4433; x_wconf 88' lang='grc'><strong>4)</strong></span> <span class='ocrx_word' id='word_1_357' title='bbox 745 4359 865 4418; x_wconf 87' lang='lat' dir='ltr'><strong>Menses</strong></span> <span class='ocrx_word' id='word_1_358' title='bbox 888 4358 1043 4437; x_wconf 84' lang='lat' dir='ltr'><strong>pictistici:</strong></span> <span class='ocrx_word' id='word_1_359' title='bbox 1067 4357 1116 4416; x_wconf 87' lang='lat' dir='ltr'><strong>die</strong></span> <span class='ocrx_word' id='word_1_360' title='bbox 1138 4356 1227 4416; x_wconf 82' lang='lat' dir='ltr'><strong>Tiefe</strong></span> <span class='ocrx_word' id='word_1_361' title='bbox 1252 4357 1305 4416; x_wconf 84' lang='lat' dir='ltr'><strong>des</strong></span> <span class='ocrx_word' id='word_1_362' title='bbox 1324 4357 1433 4418; x_wconf 86' lang='lat' dir='ltr'><strong>Satans</strong></span> <span class='ocrx_word' id='word_1_363' title='bbox 1455 4358 1486 4416; x_wconf 90' lang='lat' dir='ltr'><strong>iu</strong></span> <span class='ocrx_word' id='word_1_364' title='bbox 1509 4357 1577 4417; x_wconf 87' lang='lat' dir='ltr'><strong>dem</strong></span> <span class='ocrx_word' id='word_1_365' title='bbox 1601 4351 2112 4432; x_wconf 82' lang='lat' dir='ltr'><strong>hermetisch·zoroastrisch-pytha·</strong></span> 
     </span>
     <span class='ocr_line' id='line_1_37' title="bbox 581 4441 2037 4522; baseline -0.003 -19"><span class='ocrx_word' id='word_1_366' title='bbox 581 4446 699 4522; x_wconf 88' lang='lat' dir='ltr'><strong>gorisch</strong></span> <span class='ocrx_word' id='word_1_367' title='bbox 715 4446 961 4505; x_wconf 86' lang='lat' dir='ltr'><strong>cabhalietischen</strong></span> <span class='ocrx_word' id='word_1_368' title='bbox 986 4444 1209 4505; x_wconf 84' lang='lat' dir='ltr'><strong>Christenthum</strong></span> <span class='ocrx_word' id='word_1_369' title='bbox 1233 4442 1288 4502; x_wconf 86' lang='lat' dir='ltr'><strong>der</strong></span> <span class='ocrx_word' id='word_1_370' title='bbox 1310 4445 1456 4503; x_wconf 88' lang='lat' dir='ltr'><strong>Pietisten</strong></span> <span class='ocrx_word' id='word_1_371' title='bbox 1478 4442 1671 4503; x_wconf 86' lang='lat' dir='ltr'><strong>vorstellend.</strong></span> <span class='ocrx_word' id='word_1_372' title='bbox 1716 4441 1847 4502; x_wconf 76' lang='lat' dir='ltr'><strong>vitent.</strong></span> <span class='ocrx_word' id='word_1_373' title='bbox 1872 4441 1965 4501; x_wconf 82' lang='grc'><strong>1705.</strong></span> <span class='ocrx_word' id='word_1_374' title='bbox 2009 4441 2037 4499; x_wconf 84' lang='grc'><strong>8.</strong></span> 
     </span>
    </p>
   </div>
   <div class='ocr_carea' id='block_1_9' title="bbox 581 4543 2110 4978">
    <p class='ocr_par' dir='ltr' id='par_1_10' title="bbox 581 4543 2110 4978">
     <span class='ocr_line' id='line_1_38' title="bbox 689 4543 2110 4629; baseline -0.004 -20"><span class='ocrx_word' id='word_1_375' title='bbox 689 4552 721 4629; x_wconf 78' lang='grc' dir='ltr'><strong>ὁ)</strong></span> <span class='ocrx_word' id='word_1_376' title='bbox 746 4551 792 4610; x_wconf 90' lang='lat' dir='ltr'><strong>Le</strong></span> <span class='ocrx_word' id='word_1_377' title='bbox 813 4551 998 4610; x_wconf 83' lang='lat' dir='ltr'><strong>Platouiemc</strong></span> <span class='ocrx_word' id='word_1_378' title='bbox 1028 4548 1146 4609; x_wconf 77' lang='lat' dir='ltr'><strong>devoile</strong></span> <span class='ocrx_word' id='word_1_379' title='bbox 1176 4568 1215 4608; x_wconf 87' lang='lat' dir='ltr'><strong>ou</strong></span> <span class='ocrx_word' id='word_1_380' title='bbox 1237 4548 1325 4606; x_wconf 80' lang='lat' dir='ltr'><strong>Essai</strong></span> <span class='ocrx_word' id='word_1_381' title='bbox 1353 4548 1496 4608; x_wconf 87' lang='lat' dir='ltr'><strong>touchant</strong></span> <span class='ocrx_word' id='word_1_382' title='bbox 1524 4546 1553 4607; x_wconf 84' lang='lat' dir='ltr'><strong>le</strong></span> <span class='ocrx_word' id='word_1_383' title='bbox 1582 4546 1683 4607; x_wconf 84' lang='lat' dir='ltr'><strong>Verbo</strong></span> <span class='ocrx_word' id='word_1_384' title='bbox 1704 4545 1909 4618; x_wconf 85' lang='lat' dir='ltr'><strong>Platonicien,</strong></span> <span class='ocrx_word' id='word_1_385' title='bbox 1946 4543 2041 4604; x_wconf 77' lang='lat' dir='ltr'><strong>divise</strong></span> <span class='ocrx_word' id='word_1_386' title='bbox 2074 4564 2110 4605; x_wconf 91' lang='lat' dir='ltr'><strong>eu</strong></span> 
     </span>
     <span class='ocr_line' id='line_1_39' title="bbox 581 4637 1210 4715; baseline -0.008 -18"><span class='ocrx_word' id='word_1_387' title='bbox 581 4639 660 4697; x_wconf 88' lang='lat' dir='ltr'><strong>deux</strong></span> <span class='ocrx_word' id='word_1_388' title='bbox 683 4639 810 4715; x_wconf 73' lang='lat' dir='ltr'><strong>parties,</strong></span> <span class='ocrx_word' id='word_1_389' title='bbox 842 4637 1019 4713; x_wconf 74' lang='lat' dir='ltr'><strong>hOologne</strong></span> <span class='ocrx_word' id='word_1_390' title='bbox 1043 4639 1135 4697; x_wconf 94' lang='grc'><strong>1700.</strong></span> <span class='ocrx_word' id='word_1_391' title='bbox 1180 4637 1210 4694; x_wconf 87' lang='grc'><strong>8.</strong></span> 
     </span>
     <span class='ocr_line' id='line_1_40' title="bbox 685 4723 1535 4978; baseline -0.007 -107"><span class='ocrx_word' id='word_1_392' title='bbox 685 4723 717 4978; x_wconf 57' lang='grc' dir='ltr'>Ξ</span> <span class='ocrx_word' id='word_1_393' title='bbox 737 4724 855 4956; x_wconf 50' lang='lat' dir='ltr'><strong>:uilior</strong></span> <span class='ocrx_word' id='word_1_394' title='bbox 878 4812 908 4870; x_wconf 78' lang='lat' dir='ltr'><strong>tn</strong></span> <span class='ocrx_word' id='word_1_395' title='bbox 930 4809 998 4868; x_wconf 81' lang='lat' dir='ltr'><strong>hist.</strong></span> <span class='ocrx_word' id='word_1_396' title='bbox 1021 4807 1129 4868; x_wconf 72' lang='lat' dir='ltr'><strong>rhea.</strong></span> <span class='ocrx_word' id='word_1_397' title='bbox 1154 4809 1173 4867; x_wconf 88' lang='lat' dir='ltr'><strong>l.</strong></span> <span class='ocrx_word' id='word_1_398' title='bbox 1196 4808 1239 4881; x_wconf 88' lang='lat'><strong>11,</strong></span> <span class='ocrx_word' id='word_1_399' title='bbox 1263 4822 1288 4862; x_wconf 71' lang='grc' dir='ltr'><strong>ο.</strong></span> <span class='ocrx_word' id='word_1_400' title='bbox 1300 4804 1328 4874; x_wconf 84' lang='grc'><strong>3,</strong></span> <span class='ocrx_word' id='word_1_401' title='bbox 1351 4823 1381 4882; x_wconf 79' lang='lat' dir='ltr'><strong>p.</strong></span> <span class='ocrx_word' id='word_1_402' title='bbox 1396 4806 1535 4886; x_wconf 73' lang='lat' dir='ltr'><strong>rorsqq.</strong></span> 
     </span>
    </p>
   </div>
   <div class='ocr_carea' id='block_1_10' title="bbox 667 4979 2026 5144">
    <p class='ocr_par' dir='ltr' id='par_1_11' title="bbox 667 4979 2026 5144">
     <span class='ocr_line' id='line_1_41' title="bbox 688 4979 1232 5064; baseline -0.006 -23"><span class='ocrx_word' id='word_1_403' title='bbox 688 4983 718 5064; x_wconf 90' lang='lat'><strong>9)</strong></span> <span class='ocrx_word' id='word_1_404' title='bbox 741 4984 879 5062; x_wconf 83' lang='lat' dir='ltr'><strong>Epistoll.</strong></span> <span class='ocrx_word' id='word_1_405' title='bbox 902 4986 978 5042; x_wconf 84' lang='lat' dir='ltr'><strong>eritt.</strong></span> <span class='ocrx_word' id='word_1_406' title='bbox 1002 4989 1033 5039; x_wconf 88' lang='lat' dir='ltr'><strong>et</strong></span> <span class='ocrx_word' id='word_1_407' title='bbox 1055 4979 1232 5039; x_wconf 85' lang='lat' dir='ltr'><strong>ecclesiastt.</strong></span> 
     </span>
     <span class='ocr_line' id='line_1_42' title="bbox 667 5062 2026 5144; baseline -0.007 -18"><span class='ocrx_word' id='word_1_408' title='bbox 667 5072 719 5144; x_wconf 88' lang='lat'><strong>10)</strong></span> <span class='ocrx_word' id='word_1_409' title='bbox 741 5070 772 5127; x_wconf 93' lang='lat' dir='ltr'><strong>in</strong></span> <span class='ocrx_word' id='word_1_410' title='bbox 794 5069 869 5129; x_wconf 93' lang='lat' dir='ltr'><strong>libro</strong></span> <span class='ocrx_word' id='word_1_411' title='bbox 892 5068 969 5130; x_wconf 78' lang='lat' dir='ltr'><strong>Det·</strong></span> <span class='ocrx_word' id='word_1_412' title='bbox 1126 5065 1171 5119; x_wconf 47' lang='grc' dir='ltr'><strong>Ἢ.</strong></span> <span class='ocrx_word' id='word_1_413' title='bbox 1195 5064 1300 5144; x_wconf 76' lang='lat' dir='ltr'><strong>peres,</strong></span> <span class='ocrx_word' id='word_1_414' title='bbox 1324 5082 1448 5125; x_wconf 80' lang='lat' dir='ltr'><strong>accusez</strong></span> <span class='ocrx_word' id='word_1_415' title='bbox 1470 5065 1508 5125; x_wconf 89' lang='lat' dir='ltr'><strong>de</strong></span> <span class='ocrx_word' id='word_1_416' title='bbox 1530 5064 1722 5125; x_wconf 82' lang='lat' dir='ltr'><strong>Platonisme.</strong></span> <span class='ocrx_word' id='word_1_417' title='bbox 1766 5062 1836 5120; x_wconf 79' lang='lat' dir='ltr'><strong>Par.</strong></span> <span class='ocrx_word' id='word_1_418' title='bbox 1859 5063 1953 5119; x_wconf 93' lang='grc'><strong>1711.</strong></span> <span class='ocrx_word' id='word_1_419' title='bbox 1997 5062 2026 5118; x_wconf 90' lang='grc'><strong>4.</strong></span> 
     </span>
    </p>
   </div>
   <div class='ocr_carea' id='block_1_11' title="bbox 1770 5162 1825 5238">
    <p class='ocr_par' dir='ltr' id='par_1_12' title="bbox 1770 5162 1825 5238">
     <span class='ocr_line' id='line_1_43' title="bbox 1770 5162 1825 5238; baseline 0 -35"><span class='ocrx_word' id='word_1_420' title='bbox 1770 5162 1825 5238; x_wconf 69' lang='grc'><strong>2*</strong></span> 
     </span>
    </p>
   </div>
   <div class='ocr_carea' id='block_1_12' title="bbox 0 0 2522 6084">
    <p class='ocr_par' dir='ltr' id='par_1_13' title="bbox 0 0 2522 6084">
     <span class='ocr_line' id='line_1_44' title="bbox 0 0 2522 6084; baseline 0 1"><span class='ocrx_word' id='word_1_421' title='bbox 0 0 2522 6084; x_wconf 95' lang='lat' dir='ltr'><strong> </strong></span> 
     </span>
    </p>
   </div>
  </div>
 </body>
</html>
