<?xml version="1.0" encoding="UTF-8"?>
<!DOCTYPE html PUBLIC "-//W3C//DTD XHTML 1.0 Transitional//EN"
    "http://www.w3.org/TR/xhtml1/DTD/xhtml1-transitional.dtd">
<html xmlns="http://www.w3.org/1999/xhtml" xml:lang="en" lang="en">
 <head>
  <title>
</title>
<meta http-equiv="Content-Type" content="text/html;charset=utf-8" />
  <meta name='ocr-system' content='tesseract 3.04.00' />
  <meta name='ocr-capabilities' content='ocr_page ocr_carea ocr_par ocr_line ocrx_word'/>
</head>
<body>
  <div class='ocr_page' id='page_1' title='image "./vimatquepotesta00ehlegoog_0055.png"; bbox 0 0 5034 6084; ppageno 0'>
   <div class='ocr_carea' id='block_1_1' title="bbox 1315 644 1370 715">
    <p class='ocr_par' dir='ltr' id='par_1_1' title="bbox 1315 644 1370 715">
     <span class='ocr_line' id='line_1_1' title="bbox 1315 644 1370 715; baseline 0.018 -1"><span class='ocrx_word' id='word_1_1' title='bbox 1315 644 1370 715; x_wconf 79' lang='lat'><strong>43-</strong></span> 
     </span>
    </p>
   </div>
   <div class='ocr_carea' id='block_1_2' title="bbox 512 824 2110 3890">
    <p class='ocr_par' dir='ltr' id='par_1_2' title="bbox 512 824 2110 3890">
     <span class='ocr_line' id='line_1_2' title="bbox 582 824 2110 925; baseline 0.001 -25"><span class='ocrx_word' id='word_1_2' title='bbox 582 828 700 902; x_wconf 91' lang='lat' dir='ltr'><strong>Deum</strong></span> <span class='ocrx_word' id='word_1_3' title='bbox 723 853 803 902; x_wconf 89' lang='lat' dir='ltr'><strong>esse</strong></span> <span class='ocrx_word' id='word_1_4' title='bbox 827 827 1077 925; x_wconf 81' lang='lat' dir='ltr'><strong>demonstrare</strong></span> <span class='ocrx_word' id='word_1_5' title='bbox 1105 829 1247 904; x_wconf 79' lang='lat' dir='ltr'><strong>vellent.</strong></span> <span class='ocrx_word' id='word_1_6' title='bbox 1302 826 1404 917; x_wconf 82' lang='lat' dir='ltr'><strong>Quin</strong></span> <span class='ocrx_word' id='word_1_7' title='bbox 1430 824 1539 903; x_wconf 89' lang='lat' dir='ltr'><strong>etiam</strong></span> <span class='ocrx_word' id='word_1_8' title='bbox 1562 852 1676 924; x_wconf 92' lang='lat' dir='ltr'><strong>quum</strong></span> <span class='ocrx_word' id='word_1_9' title='bbox 1710 850 1856 900; x_wconf 89' lang='lat' dir='ltr'><strong>necesse</strong></span> <span class='ocrx_word' id='word_1_10' title='bbox 1889 824 1936 898; x_wconf 90' lang='lat' dir='ltr'><strong>sit</strong></span> <span class='ocrx_word' id='word_1_11' title='bbox 1962 853 2110 902; x_wconf 88' lang='lat' dir='ltr'><strong>omnem</strong></span> 
     </span>
     <span class='ocr_line' id='line_1_3' title="bbox 579 927 2110 1030; baseline 0 -28"><span class='ocrx_word' id='word_1_12' title='bbox 579 943 747 1003; x_wconf 87' lang='lat' dir='ltr'><strong>naturam</strong></span> <span class='ocrx_word' id='word_1_13' title='bbox 773 956 849 1003; x_wconf 91' lang='lat' dir='ltr'><strong>non</strong></span> <span class='ocrx_word' id='word_1_14' title='bbox 876 930 1076 1004; x_wconf 79' lang='lat' dir='ltr'>solitariam</span> <span class='ocrx_word' id='word_1_15' title='bbox 1104 957 1222 1030; x_wconf 90' lang='lat' dir='ltr'><strong>neque</strong></span> <span class='ocrx_word' id='word_1_16' title='bbox 1247 930 1450 1028; x_wconf 82' lang='lat' dir='ltr'><strong>simplicem</strong></span> <span class='ocrx_word' id='word_1_17' title='bbox 1478 928 1542 1003; x_wconf 90' lang='lat' dir='ltr'><strong>sed</strong></span> <span class='ocrx_word' id='word_1_18' title='bbox 1568 952 1651 1001; x_wconf 89' lang='lat' dir='ltr'><strong>cum</strong></span> <span class='ocrx_word' id='word_1_19' title='bbox 1677 927 1750 1002; x_wconf 88' lang='lat' dir='ltr'><strong>alio</strong></span> <span class='ocrx_word' id='word_1_20' title='bbox 1782 927 1939 1002; x_wconf 81' lang='lat' dir='ltr'><strong>iunctam</strong></span> <span class='ocrx_word' id='word_1_21' title='bbox 1963 942 1998 1002; x_wconf 92' lang='lat' dir='ltr'><strong>et</strong></span> <span class='ocrx_word' id='word_1_22' title='bbox 2022 953 2110 1002; x_wconf 89' lang='lat' dir='ltr'><strong>con·</strong></span> 
     </span>
     <span class='ocr_line' id='line_1_4' title="bbox 580 1030 2107 1133; baseline 0.001 -30"><span class='ocrx_word' id='word_1_23' title='bbox 580 1057 712 1106; x_wconf 83' lang='lat' dir='ltr'>nexam</span> <span class='ocrx_word' id='word_1_24' title='bbox 739 1030 876 1105; x_wconf 87' lang='lat' dir='ltr'><strong>habere</strong></span> <span class='ocrx_word' id='word_1_25' title='bbox 902 1032 940 1104; x_wconf 95' lang='lat' dir='ltr'><strong>in</strong></span> <span class='ocrx_word' id='word_1_26' title='bbox 968 1060 1007 1107; x_wconf 87' lang='lat' dir='ltr'><strong>se</strong></span> <span class='ocrx_word' id='word_1_27' title='bbox 1031 1033 1278 1133; x_wconf 81' lang='lat' dir='ltr'><strong>principatum</strong></span> <span class='ocrx_word' id='word_1_28' title='bbox 1302 1030 1566 1126; x_wconf 60' lang='lat' dir='ltr'><strong>(slyapwrrno&#39;u),</strong></span> <span class='ocrx_word' id='word_1_29' title='bbox 1593 1030 1738 1127; x_wconf 87' lang='lat' dir='ltr'><strong>qualern</strong></span> <span class='ocrx_word' id='word_1_30' title='bbox 1765 1031 1804 1103; x_wconf 88' lang='lat' dir='ltr'><strong>in</strong></span> <span class='ocrx_word' id='word_1_31' title='bbox 1830 1030 1980 1104; x_wconf 87' lang='lat' dir='ltr'><strong>homine</strong></span> <span class='ocrx_word' id='word_1_32' title='bbox 2004 1058 2107 1105; x_wconf 89' lang='lat' dir='ltr'><strong>men-</strong></span> 
     </span>
     <span class='ocr_line' id='line_1_5' title="bbox 579 1131 2107 1232; baseline 0 -26"><span class='ocrx_word' id='word_1_33' title='bbox 579 1149 671 1228; x_wconf 90' lang='lat' dir='ltr'><strong>tem,</strong></span> <span class='ocrx_word' id='word_1_34' title='bbox 694 1135 734 1205; x_wconf 92' lang='lat' dir='ltr'><strong>in</strong></span> <span class='ocrx_word' id='word_1_35' title='bbox 759 1132 896 1209; x_wconf 90' lang='lat' dir='ltr'><strong>mundo</strong></span> <span class='ocrx_word' id='word_1_36' title='bbox 926 1134 1044 1208; x_wconf 89' lang='lat' dir='ltr'><strong>Deum</strong></span> <span class='ocrx_word' id='word_1_37' title='bbox 1070 1162 1150 1209; x_wconf 89' lang='lat' dir='ltr'><strong>esse</strong></span> <span class='ocrx_word' id='word_1_38' title='bbox 1176 1135 1456 1229; x_wconf 89' lang='lat' dir='ltr'><strong>contendebant,</strong></span> <span class='ocrx_word' id='word_1_39' title='bbox 1484 1131 1736 1230; x_wconf 88' lang='lat' dir='ltr'><strong>mundumque</strong></span> <span class='ocrx_word' id='word_1_40' title='bbox 1760 1146 1948 1230; x_wconf 83' lang='lat' dir='ltr'><strong>tamquam</strong></span> <span class='ocrx_word' id='word_1_41' title='bbox 1975 1132 2107 1232; x_wconf 89' lang='lat' dir='ltr'><strong>ingens</strong></span> 
     </span>
     <span class='ocr_line' id='line_1_6' title="bbox 578 1233 2107 1336; baseline 0.001 -27"><span class='ocrx_word' id='word_1_42' title='bbox 578 1261 711 1336; x_wconf 86' lang='lat' dir='ltr'><strong>corpus</strong></span> <span class='ocrx_word' id='word_1_43' title='bbox 736 1234 895 1309; x_wconf 91' lang='lat' dir='ltr'><strong>animale</strong></span> <span class='ocrx_word' id='word_1_44' title='bbox 921 1236 1158 1335; x_wconf 88' lang='lat' dir='ltr'><strong>emultisque</strong></span> <span class='ocrx_word' id='word_1_45' title='bbox 1183 1237 1360 1311; x_wconf 76' lang='lat' dir='ltr'><strong>membris</strong></span> <span class='ocrx_word' id='word_1_46' title='bbox 1393 1252 1566 1310; x_wconf 81' lang='lat' dir='ltr'>constans</span> <span class='ocrx_word' id='word_1_47' title='bbox 1599 1233 1860 1333; x_wconf 82' lang='lat' dir='ltr'><strong>agnoscebant.</strong></span> <span class='ocrx_word' id='word_1_48' title='bbox 1913 1234 2010 1308; x_wconf 91' lang='lat' dir='ltr'><strong>Deus</strong></span> <span class='ocrx_word' id='word_1_49' title='bbox 2036 1235 2107 1335; x_wconf 89' lang='lat' dir='ltr'><strong>igi-</strong></span> 
     </span>
     <span class='ocr_line' id='line_1_7' title="bbox 578 1336 2103 1439; baseline 0 -29"><span class='ocrx_word' id='word_1_50' title='bbox 578 1353 637 1411; x_wconf 92' lang='lat' dir='ltr'><strong>tur</strong></span> <span class='ocrx_word' id='word_1_51' title='bbox 661 1350 770 1437; x_wconf 92' lang='lat' dir='ltr'><strong>prout</strong></span> <span class='ocrx_word' id='word_1_52' title='bbox 792 1336 916 1410; x_wconf 91' lang='lat' dir='ltr'><strong>autin</strong></span> <span class='ocrx_word' id='word_1_53' title='bbox 939 1338 1097 1413; x_wconf 79' lang='lat' dir='ltr'><strong>ethicam</strong></span> <span class='ocrx_word' id='word_1_54' title='bbox 1122 1354 1185 1413; x_wconf 89' lang='lat' dir='ltr'><strong>aut</strong></span> <span class='ocrx_word' id='word_1_55' title='bbox 1209 1340 1249 1413; x_wconf 87' lang='lat' dir='ltr'><strong>in</strong></span> <span class='ocrx_word' id='word_1_56' title='bbox 1275 1339 1468 1439; x_wconf 81' lang='lat' dir='ltr'><strong>physicam</strong></span> <span class='ocrx_word' id='word_1_57' title='bbox 1494 1350 1635 1437; x_wconf 86' lang='lat' dir='ltr'><strong>partem</strong></span> <span class='ocrx_word' id='word_1_58' title='bbox 1662 1336 1902 1435; x_wconf 83' lang='lat' dir='ltr'><strong>cogitabatur,</strong></span> <span class='ocrx_word' id='word_1_59' title='bbox 1928 1336 2005 1412; x_wconf 87' lang='lat' dir='ltr'><strong>sive</strong></span> <span class='ocrx_word' id='word_1_60' title='bbox 2018 1364 2103 1436; x_wconf 91' lang='lat' dir='ltr'><strong>pro-</strong></span> 
     </span>
     <span class='ocr_line' id='line_1_8' title="bbox 578 1438 2106 1542; baseline 0.001 -31"><span class='ocrx_word' id='word_1_61' title='bbox 578 1439 740 1515; x_wconf 90' lang='lat' dir='ltr'><strong>videntia</strong></span> <span class='ocrx_word' id='word_1_62' title='bbox 766 1438 891 1512; x_wconf 89' lang='lat' dir='ltr'><strong>omnia</strong></span> <span class='ocrx_word' id='word_1_63' title='bbox 918 1464 1067 1533; x_wconf 87' lang='lat' dir='ltr'><strong>curans,</strong></span> <span class='ocrx_word' id='word_1_64' title='bbox 1095 1442 1314 1542; x_wconf 89' lang='lat' dir='ltr'><strong>sapiensque</strong></span> <span class='ocrx_word' id='word_1_65' title='bbox 1340 1440 1433 1541; x_wconf 86' lang='lat' dir='ltr'><strong>legis</strong></span> <span class='ocrx_word' id='word_1_66' title='bbox 1458 1453 1601 1534; x_wconf 86' lang='lat' dir='ltr'><strong>auctor,</strong></span> <span class='ocrx_word' id='word_1_67' title='bbox 1642 1438 1782 1514; x_wconf 91' lang='lat' dir='ltr'><strong>bonum</strong></span> <span class='ocrx_word' id='word_1_68' title='bbox 1816 1439 1994 1532; x_wconf 84' lang='lat' dir='ltr'><strong>suadens,</strong></span> <span class='ocrx_word' id='word_1_69' title='bbox 2029 1439 2106 1515; x_wconf 88' lang='lat' dir='ltr'><strong>vitii</strong></span> 
     </span>
     <span class='ocr_line' id='line_1_9' title="bbox 579 1540 2107 1639; baseline -0.001 -24"><span class='ocrx_word' id='word_1_70' title='bbox 579 1543 691 1634; x_wconf 90' lang='lat' dir='ltr'><strong>ultor,</strong></span> <span class='ocrx_word' id='word_1_71' title='bbox 727 1540 803 1615; x_wconf 84' lang='lat' dir='ltr'><strong>sive</strong></span> <span class='ocrx_word' id='word_1_72' title='bbox 826 1556 958 1615; x_wconf 87' lang='lat' dir='ltr'><strong>natura</strong></span> <span class='ocrx_word' id='word_1_73' title='bbox 985 1544 1156 1618; x_wconf 89' lang='lat' dir='ltr'><strong>omnibus</strong></span> <span class='ocrx_word' id='word_1_74' title='bbox 1183 1541 1406 1635; x_wconf 87' lang='lat' dir='ltr'><strong>conununis,</strong></span> <span class='ocrx_word' id='word_1_75' title='bbox 1441 1542 1520 1616; x_wconf 89' lang='lat' dir='ltr'><strong>sine</strong></span> <span class='ocrx_word' id='word_1_76' title='bbox 1555 1566 1630 1639; x_wconf 86' lang='lat' dir='ltr'><strong>qua</strong></span> <span class='ocrx_word' id='word_1_77' title='bbox 1661 1540 1756 1616; x_wconf 92' lang='lat' dir='ltr'><strong>nihil</strong></span> <span class='ocrx_word' id='word_1_78' title='bbox 1788 1540 1866 1633; x_wconf 87' lang='lat' dir='ltr'><strong>fiat,</strong></span> <span class='ocrx_word' id='word_1_79' title='bbox 1901 1540 1956 1616; x_wconf 87' lang='lat' dir='ltr'><strong>vis</strong></span> <span class='ocrx_word' id='word_1_80' title='bbox 1987 1540 2107 1616; x_wconf 88' lang='lat' dir='ltr'><strong>fatalis</strong></span> 
     </span>
     <span class='ocr_line' id='line_1_10' title="bbox 576 1641 2107 1742; baseline -0.001 -25"><span class='ocrx_word' id='word_1_81' title='bbox 576 1669 772 1741; x_wconf 85' lang='lat' dir='ltr'><strong>rerumque</strong></span> <span class='ocrx_word' id='word_1_82' title='bbox 792 1644 996 1718; x_wconf 90' lang='lat' dir='ltr'><strong>futurarum</strong></span> <span class='ocrx_word' id='word_1_83' title='bbox 1024 1645 1221 1721; x_wconf 86' lang='lat' dir='ltr'><strong>necessitas</strong></span> <span class='ocrx_word' id='word_1_84' title='bbox 1243 1644 1513 1721; x_wconf 86' lang='lat' dir='ltr'><strong>nominabatur.</strong></span> <span class='ocrx_word' id='word_1_85' title='bbox 1553 1642 1597 1717; x_wconf 93' lang='lat' dir='ltr'><strong>ln</strong></span> <span class='ocrx_word' id='word_1_86' title='bbox 1624 1641 1758 1740; x_wconf 91' lang='lat' dir='ltr'><strong>quibus</strong></span> <span class='ocrx_word' id='word_1_87' title='bbox 1783 1643 1927 1742; x_wconf 88' lang='lat' dir='ltr'><strong>placitis</strong></span> <span class='ocrx_word' id='word_1_88' title='bbox 1953 1643 1984 1716; x_wconf 91' lang='lat' dir='ltr'><strong>si</strong></span> <span class='ocrx_word' id='word_1_89' title='bbox 2007 1644 2107 1718; x_wconf 89' lang='lat' dir='ltr'><strong>Deus</strong></span> 
     </span>
     <span class='ocr_line' id='line_1_11' title="bbox 576 1743 2105 1845; baseline -0.001 -24"><span class='ocrx_word' id='word_1_90' title='bbox 576 1747 751 1821; x_wconf 86' lang='lat' dir='ltr'><strong>materiae</strong></span> <span class='ocrx_word' id='word_1_91' title='bbox 776 1745 916 1845; x_wconf 92' lang='lat' dir='ltr'><strong>opponi</strong></span> <span class='ocrx_word' id='word_1_92' title='bbox 941 1746 1101 1842; x_wconf 88' lang='lat' dir='ltr'><strong>videtur,</strong></span> <span class='ocrx_word' id='word_1_93' title='bbox 1134 1774 1210 1821; x_wconf 92' lang='lat' dir='ltr'><strong>non</strong></span> <span class='ocrx_word' id='word_1_94' title='bbox 1246 1764 1369 1821; x_wconf 83' lang='lat' dir='ltr'><strong>tamen</strong></span> <span class='ocrx_word' id='word_1_95' title='bbox 1407 1774 1451 1821; x_wconf 86' lang='lat' dir='ltr'><strong>ex</strong></span> <span class='ocrx_word' id='word_1_96' title='bbox 1474 1743 1680 1819; x_wconf 80' lang='lat' dir='ltr'><strong>Stoicorum</strong></span> <span class='ocrx_word' id='word_1_97' title='bbox 1705 1744 1872 1820; x_wconf 87' lang='lat' dir='ltr'><strong>doctrina</strong></span> <span class='ocrx_word' id='word_1_98' title='bbox 1900 1745 1950 1831; x_wconf 86' lang='lat' dir='ltr'><strong>ita</strong></span> <span class='ocrx_word' id='word_1_99' title='bbox 1976 1744 2105 1822; x_wconf 89' lang='lat' dir='ltr'><strong>distin·</strong></span> 
     </span>
     <span class='ocr_line' id='line_1_12' title="bbox 574 1846 2103 1951; baseline -0.001 -28"><span class='ocrx_word' id='word_1_100' title='bbox 574 1876 688 1951; x_wconf 84' lang='lat' dir='ltr'><strong>guere</strong></span> <span class='ocrx_word' id='word_1_101' title='bbox 712 1848 797 1922; x_wconf 91' lang='lat' dir='ltr'><strong>licet</strong></span> <span class='ocrx_word' id='word_1_102' title='bbox 820 1847 927 1945; x_wconf 85' lang='lat' dir='ltr'><strong>quasi</strong></span> <span class='ocrx_word' id='word_1_103' title='bbox 953 1848 1054 1925; x_wconf 88' lang='lat' dir='ltr'><strong>Deus</strong></span> <span class='ocrx_word' id='word_1_104' title='bbox 1080 1849 1126 1922; x_wconf 90' lang='lat' dir='ltr'><strong>sit</strong></span> <span class='ocrx_word' id='word_1_105' title='bbox 1150 1876 1266 1923; x_wconf 90' lang='lat' dir='ltr'><strong>unum</strong></span> <span class='ocrx_word' id='word_1_106' title='bbox 1291 1848 1513 1949; x_wconf 91' lang='lat' dir='ltr'><strong>principium</strong></span> <span class='ocrx_word' id='word_1_107' title='bbox 1534 1872 1661 1945; x_wconf 88' lang='lat' dir='ltr'><strong>agens,</strong></span> <span class='ocrx_word' id='word_1_108' title='bbox 1684 1846 1836 1922; x_wconf 88' lang='lat' dir='ltr'><strong>materia</strong></span> <span class='ocrx_word' id='word_1_109' title='bbox 1860 1874 2010 1946; x_wconf 88' lang='lat' dir='ltr'><strong>prorsus</strong></span> <span class='ocrx_word' id='word_1_110' title='bbox 2037 1874 2103 1948; x_wconf 90' lang='lat' dir='ltr'><strong>pa-</strong></span> 
     </span>
     <span class='ocr_line' id='line_1_13' title="bbox 573 1948 2104 2050; baseline -0.001 -25"><span class='ocrx_word' id='word_1_111' title='bbox 573 1952 668 2027; x_wconf 88' lang='lat' dir='ltr'><strong>tiens</strong></span> <span class='ocrx_word' id='word_1_112' title='bbox 692 1956 746 2044; x_wconf 82' lang='grc' dir='ltr'><strong>(τὸ</strong></span> <span class='ocrx_word' id='word_1_113' title='bbox 773 1956 927 2046; x_wconf 74' lang='grc' dir='ltr'><em>πάσχον)</em></span> <span class='ocrx_word' id='word_1_114' title='bbox 963 1951 1026 2045; x_wconf 90' lang='lat' dir='ltr'><strong>sit,</strong></span> <span class='ocrx_word' id='word_1_115' title='bbox 1067 1951 1132 2027; x_wconf 91' lang='lat' dir='ltr'><strong>sed</strong></span> <span class='ocrx_word' id='word_1_116' title='bbox 1164 1978 1286 2050; x_wconf 93' lang='lat' dir='ltr'><strong>neque</strong></span> <span class='ocrx_word' id='word_1_117' title='bbox 1317 1977 1447 2030; x_wconf 88' lang='lat' dir='ltr'><strong>caussa</strong></span> <span class='ocrx_word' id='word_1_118' title='bbox 1479 1976 1502 2025; x_wconf 87' lang='lat' dir='ltr'><strong>a</strong></span> <span class='ocrx_word' id='word_1_119' title='bbox 1533 1948 1702 2044; x_wconf 89' lang='lat' dir='ltr'><strong>materia,</strong></span> <span class='ocrx_word' id='word_1_120' title='bbox 1745 1975 1864 2047; x_wconf 90' lang='lat' dir='ltr'><strong>neque</strong></span> <span class='ocrx_word' id='word_1_121' title='bbox 1899 1950 2052 2025; x_wconf 85' lang='lat' dir='ltr'><strong>materia</strong></span> <span class='ocrx_word' id='word_1_122' title='bbox 2081 1978 2104 2023; x_wconf 86' lang='lat' dir='ltr'><strong>a</strong></span> 
     </span>
     <span class='ocr_line' id='line_1_14' title="bbox 573 2049 2101 2153; baseline -0.002 -25"><span class='ocrx_word' id='word_1_123' title='bbox 573 2080 703 2128; x_wconf 86' lang='lat' dir='ltr'><strong>caussa</strong></span> <span class='ocrx_word' id='word_1_124' title='bbox 729 2067 897 2151; x_wconf 86' lang='lat' dir='ltr'><strong>separata</strong></span> <span class='ocrx_word' id='word_1_125' title='bbox 917 2053 1073 2153; x_wconf 83' lang='lat' dir='ltr'><strong>cogitari</strong></span> <span class='ocrx_word' id='word_1_126' title='bbox 1098 2068 1232 2153; x_wconf 86' lang='lat' dir='ltr'><strong>potest,</strong></span> <span class='ocrx_word' id='word_1_127' title='bbox 1263 2080 1376 2152; x_wconf 92' lang='lat' dir='ltr'><strong>quum</strong></span> <span class='ocrx_word' id='word_1_128' title='bbox 1407 2051 1561 2128; x_wconf 85' lang='lat' dir='ltr'><strong>materia</strong></span> <span class='ocrx_word' id='word_1_129' title='bbox 1589 2049 1670 2149; x_wconf 86' lang='lat' dir='ltr'><strong>ipsa</strong></span> <span class='ocrx_word' id='word_1_130' title='bbox 1704 2050 1908 2127; x_wconf 87' lang='lat' dir='ltr'><strong>substantia</strong></span> <span class='ocrx_word' id='word_1_131' title='bbox 1940 2051 1987 2125; x_wconf 88' lang='lat' dir='ltr'><strong>sit</strong></span> <span class='ocrx_word' id='word_1_132' title='bbox 2021 2052 2101 2147; x_wconf 88' lang='lat' dir='ltr'><strong>Dei,</strong></span> 
     </span>
     <span class='ocr_line' id='line_1_15' title="bbox 572 2152 2100 2255; baseline -0.001 -26"><span class='ocrx_word' id='word_1_133' title='bbox 572 2156 634 2255; x_wconf 93' lang='lat' dir='ltr'><strong>qui</strong></span> <span class='ocrx_word' id='word_1_134' title='bbox 661 2182 743 2229; x_wconf 90' lang='lat' dir='ltr'><strong>eam</strong></span> <span class='ocrx_word' id='word_1_135' title='bbox 765 2154 968 2228; x_wconf 91' lang='lat' dir='ltr'><strong>constitutis</strong></span> <span class='ocrx_word' id='word_1_136' title='bbox 1003 2155 1231 2255; x_wconf 90' lang='lat' dir='ltr'><strong>temporibus</strong></span> <span class='ocrx_word' id='word_1_137' title='bbox 1267 2154 1467 2248; x_wconf 84' lang='lat' dir='ltr'><strong>consumit,</strong></span> <span class='ocrx_word' id='word_1_138' title='bbox 1498 2152 1632 2229; x_wconf 87' lang='lat' dir='ltr'><strong>deiude</strong></span> <span class='ocrx_word' id='word_1_139' title='bbox 1665 2179 1791 2228; x_wconf 88' lang='lat' dir='ltr'><strong>rursus</strong></span> <span class='ocrx_word' id='word_1_140' title='bbox 1825 2180 1869 2230; x_wconf 86' lang='lat' dir='ltr'><strong>ex</strong></span> <span class='ocrx_word' id='word_1_141' title='bbox 1895 2181 1933 2228; x_wconf 93' lang='lat' dir='ltr'><strong>se</strong></span> <span class='ocrx_word' id='word_1_142' title='bbox 1957 2156 2100 2228; x_wconf 78' lang='lat' dir='ltr'><strong>exserit</strong></span> 
     </span>
     <span class='ocr_line' id='line_1_16' title="bbox 571 2254 2099 2356; baseline -0.002 -25"><span class='ocrx_word' id='word_1_143' title='bbox 571 2259 691 2333; x_wconf 89' lang='lat' dir='ltr'><strong>Deum</strong></span> <span class='ocrx_word' id='word_1_144' title='bbox 726 2283 926 2352; x_wconf 88' lang='lat' dir='ltr'><strong>summum,</strong></span> <span class='ocrx_word' id='word_1_145' title='bbox 961 2257 1045 2331; x_wconf 91' lang='lat' dir='ltr'><strong>licet</strong></span> <span class='ocrx_word' id='word_1_146' title='bbox 1075 2256 1259 2333; x_wconf 91' lang='lat' dir='ltr'><strong>interdum</strong></span> <span class='ocrx_word' id='word_1_147' title='bbox 1287 2255 1458 2356; x_wconf 78' lang='lat' dir='ltr'><strong>luppiter</strong></span> <span class='ocrx_word' id='word_1_148' title='bbox 1494 2256 1541 2330; x_wconf 89' lang='lat' dir='ltr'><strong>ab</strong></span> <span class='ocrx_word' id='word_1_149' title='bbox 1574 2254 1619 2328; x_wconf 91' lang='lat' dir='ltr'><strong>iis</strong></span> <span class='ocrx_word' id='word_1_150' title='bbox 1658 2254 1868 2330; x_wconf 89' lang='lat' dir='ltr'><strong>nominetur</strong></span> <span class='ocrx_word' id='word_1_151' title='bbox 1899 2255 2099 2332; x_wconf 89' lang='lat' dir='ltr'><strong>secundum</strong></span> 
     </span>
     <span class='ocr_line' id='line_1_17' title="bbox 572 2356 2099 2459; baseline -0.001 -26"><span class='ocrx_word' id='word_1_152' title='bbox 572 2360 722 2434; x_wconf 87' lang='lat' dir='ltr'><strong>usitatas</strong></span> <span class='ocrx_word' id='word_1_153' title='bbox 760 2358 806 2433; x_wconf 93' lang='lat' dir='ltr'><strong>de</strong></span> <span class='ocrx_word' id='word_1_154' title='bbox 845 2356 916 2431; x_wconf 91' lang='lat' dir='ltr'><strong>diis</strong></span> <span class='ocrx_word' id='word_1_155' title='bbox 954 2359 1165 2459; x_wconf 86' lang='lat' dir='ltr'><strong>opiniones,</strong></span> <span class='ocrx_word' id='word_1_156' title='bbox 1204 2359 1298 2433; x_wconf 92' lang='lat' dir='ltr'><strong>nihil</strong></span> <span class='ocrx_word' id='word_1_157' title='bbox 1334 2358 1436 2434; x_wconf 88' lang='lat' dir='ltr'><strong>aliud</strong></span> <span class='ocrx_word' id='word_1_158' title='bbox 1471 2384 1551 2433; x_wconf 87' lang='lat' dir='ltr'><strong>esse</strong></span> <span class='ocrx_word' id='word_1_159' title='bbox 1585 2356 1778 2451; x_wconf 90' lang='lat' dir='ltr'><strong>volebant,</strong></span> <span class='ocrx_word' id='word_1_160' title='bbox 1819 2358 1891 2431; x_wconf 92' lang='lat' dir='ltr'><strong>nisi</strong></span> <span class='ocrx_word' id='word_1_161' title='bbox 1921 2358 2099 2432; x_wconf 91' lang='lat' dir='ltr'><strong>mundum</strong></span> 
     </span>
     <span class='ocr_line' id='line_1_18' title="bbox 571 2458 2099 2562; baseline -0.001 -28"><span class='ocrx_word' id='word_1_162' title='bbox 571 2462 702 2562; x_wconf 88' lang='lat' dir='ltr'><strong>ipsum.</strong></span> <span class='ocrx_word' id='word_1_163' title='bbox 753 2460 881 2561; x_wconf 89' lang='lat' dir='ltr'><strong>Itaque</strong></span> <span class='ocrx_word' id='word_1_164' title='bbox 907 2460 1019 2535; x_wconf 90' lang='lat' dir='ltr'><strong>ardor</strong></span> <span class='ocrx_word' id='word_1_165' title='bbox 1040 2462 1214 2557; x_wconf 90' lang='lat' dir='ltr'><strong>caelestis,</strong></span> <span class='ocrx_word' id='word_1_166' title='bbox 1242 2461 1400 2562; x_wconf 90' lang='lat' dir='ltr'><strong>spiritus,</strong></span> <span class='ocrx_word' id='word_1_167' title='bbox 1428 2459 1554 2534; x_wconf 89' lang='lat' dir='ltr'><strong>anima</strong></span> <span class='ocrx_word' id='word_1_168' title='bbox 1574 2458 1714 2553; x_wconf 81' lang='lat' dir='ltr'><strong>mundi,</strong></span> <span class='ocrx_word' id='word_1_169' title='bbox 1742 2458 1868 2533; x_wconf 88' lang='lat' dir='ltr'><strong>divina</strong></span> <span class='ocrx_word' id='word_1_170' title='bbox 1893 2459 2022 2536; x_wconf 91' lang='lat' dir='ltr'><strong>mundi</strong></span> <span class='ocrx_word' id='word_1_171' title='bbox 2043 2487 2099 2533; x_wconf 93' lang='lat' dir='ltr'><strong>ra-</strong></span> 
     </span>
     <span class='ocr_line' id='line_1_19' title="bbox 571 2560 2098 2661; baseline 0.001 -24"><span class='ocrx_word' id='word_1_172' title='bbox 571 2564 639 2659; x_wconf 88' lang='lat' dir='ltr'><strong>tio,</strong></span> <span class='ocrx_word' id='word_1_173' title='bbox 665 2578 812 2659; x_wconf 82' lang='lat' dir='ltr'><strong>namra,</strong></span> <span class='ocrx_word' id='word_1_174' title='bbox 839 2564 982 2658; x_wconf 87' lang='lat' dir='ltr'><strong>aether,</strong></span> <span class='ocrx_word' id='word_1_175' title='bbox 1010 2563 1069 2639; x_wconf 85' lang='lat' dir='ltr'><strong>lex</strong></span> <span class='ocrx_word' id='word_1_176' title='bbox 1091 2564 1263 2638; x_wconf 91' lang='lat' dir='ltr'><strong>omnibus</strong></span> <span class='ocrx_word' id='word_1_177' title='bbox 1288 2562 1513 2656; x_wconf 91' lang='lat' dir='ltr'><strong>communis,</strong></span> <span class='ocrx_word' id='word_1_178' title='bbox 1554 2560 1805 2661; x_wconf 85' lang='lat' dir='ltr'><strong>providentia,</strong></span> <span class='ocrx_word' id='word_1_179' title='bbox 1839 2562 1922 2661; x_wconf 89' lang='lat' dir='ltr'><strong>ipsa</strong></span> <span class='ocrx_word' id='word_1_180' title='bbox 1947 2562 2012 2637; x_wconf 86' lang='lat' dir='ltr'><strong>fati</strong></span> <span class='ocrx_word' id='word_1_181' title='bbox 2036 2590 2098 2638; x_wconf 87' lang='lat' dir='ltr'><strong>ne-</strong></span> 
     </span>
     <span class='ocr_line' id='line_1_20' title="bbox 512 2662 2098 2763; baseline 0 -24"><span class='ocrx_word' id='word_1_182' title='bbox 512 2701 515 2706; x_wconf 94' lang='lat'>·</span> <span class='ocrx_word' id='word_1_183' title='bbox 570 2667 736 2757; x_wconf 87' lang='lat' dir='ltr'><strong>cessitas,</strong></span> <span class='ocrx_word' id='word_1_184' title='bbox 764 2679 800 2740; x_wconf 87' lang='lat' dir='ltr'><strong>et</strong></span> <span class='ocrx_word' id='word_1_185' title='bbox 825 2665 856 2738; x_wconf 89' lang='lat' dir='ltr'><strong>si</strong></span> <span class='ocrx_word' id='word_1_186' title='bbox 882 2691 956 2763; x_wconf 91' lang='lat' dir='ltr'><strong>qua</strong></span> <span class='ocrx_word' id='word_1_187' title='bbox 981 2665 1315 2741; x_wconf 75' lang='lat' dir='ltr'><strong>alia&#39;inveniantur</strong></span> <span class='ocrx_word' id='word_1_188' title='bbox 1348 2663 1543 2760; x_wconf 88' lang='lat' dir='ltr'><strong>vocabula,</strong></span> <span class='ocrx_word' id='word_1_189' title='bbox 1577 2662 1710 2761; x_wconf 89' lang='lat' dir='ltr'><strong>quibus</strong></span> <span class='ocrx_word' id='word_1_190' title='bbox 1744 2690 1927 2739; x_wconf 89' lang='lat' dir='ltr'><strong>summum</strong></span> <span class='ocrx_word' id='word_1_191' title='bbox 1961 2691 2098 2739; x_wconf 80' lang='lat' dir='ltr'><strong>numen</strong></span> 
     </span>
     <span class='ocr_line' id='line_1_21' title="bbox 569 2763 2097 2868; baseline 0.001 -28"><span class='ocrx_word' id='word_1_192' title='bbox 569 2782 730 2843; x_wconf 90' lang='lat' dir='ltr'><strong>notetur:</strong></span> <span class='ocrx_word' id='word_1_193' title='bbox 758 2766 932 2842; x_wconf 89' lang='lat' dir='ltr'><strong>omnibus</strong></span> <span class='ocrx_word' id='word_1_194' title='bbox 957 2795 1073 2842; x_wconf 92' lang='lat' dir='ltr'><strong>unum</strong></span> <span class='ocrx_word' id='word_1_195' title='bbox 1098 2767 1269 2867; x_wconf 90' lang='lat' dir='ltr'><strong>idemque</strong></span> <span class='ocrx_word' id='word_1_196' title='bbox 1292 2766 1494 2868; x_wconf 84' lang='lat' dir='ltr'><strong>significari</strong></span> <span class='ocrx_word' id='word_1_197' title='bbox 1516 2765 1653 2840; x_wconf 85' lang='lat' dir='ltr'><strong>volunt.</strong></span> <span class='ocrx_word' id='word_1_198' title='bbox 1715 2763 1825 2855; x_wconf 82' lang='lat' dir='ltr'><strong>Quod</strong></span> <span class='ocrx_word' id='word_1_199' title='bbox 1851 2792 1937 2839; x_wconf 88' lang='lat' dir='ltr'><strong>vero</strong></span> <span class='ocrx_word' id='word_1_200' title='bbox 1964 2767 2097 2863; x_wconf 82' lang='lat' dir='ltr'><strong>dicant,</strong></span> 
     </span>
     <span class='ocr_line' id='line_1_22' title="bbox 569 2866 2098 2969; baseline 0 -26"><span class='ocrx_word' id='word_1_201' title='bbox 569 2870 677 2944; x_wconf 91' lang='lat' dir='ltr'><strong>deum</strong></span> <span class='ocrx_word' id='word_1_202' title='bbox 705 2897 784 2944; x_wconf 89' lang='lat' dir='ltr'><strong>esse</strong></span> <span class='ocrx_word' id='word_1_203' title='bbox 809 2869 935 2969; x_wconf 83' lang='lat' dir='ltr'><strong>iguem</strong></span> <span class='ocrx_word' id='word_1_204' title='bbox 959 2870 1204 2966; x_wconf 88' lang='lat' dir='ltr'><strong>artificialem,</strong></span> <span class='ocrx_word' id='word_1_205' title='bbox 1237 2870 1363 2944; x_wconf 87' lang='lat' dir='ltr'><strong>omnia</strong></span> <span class='ocrx_word' id='word_1_206' title='bbox 1395 2869 1470 2943; x_wconf 88' lang='lat' dir='ltr'><strong>iam</strong></span> <span class='ocrx_word' id='word_1_207' title='bbox 1504 2866 1706 2941; x_wconf 90' lang='lat' dir='ltr'><strong>secundum</strong></span> <span class='ocrx_word' id='word_1_208' title='bbox 1736 2881 1873 2943; x_wconf 85' lang='lat' dir='ltr'><strong>certam</strong></span> <span class='ocrx_word' id='word_1_209' title='bbox 1899 2868 2098 2966; x_wconf 88' lang='lat' dir='ltr'><strong>quamdam</strong></span> 
     </span>
     <span class='ocr_line' id='line_1_23' title="bbox 569 2966 2098 3072; baseline 0.001 -28"><span class='ocrx_word' id='word_1_210' title='bbox 569 2972 635 3045; x_wconf 87' lang='lat' dir='ltr'><strong>fati</strong></span> <span class='ocrx_word' id='word_1_211' title='bbox 660 2973 779 3071; x_wconf 88' lang='lat' dir='ltr'><strong>legem</strong></span> <span class='ocrx_word' id='word_1_212' title='bbox 807 2999 852 3046; x_wconf 87' lang='lat' dir='ltr'><strong>ex</strong></span> <span class='ocrx_word' id='word_1_213' title='bbox 879 2972 948 3046; x_wconf 88' lang='lat' dir='ltr'><strong>deo</strong></span> <span class='ocrx_word' id='word_1_214' title='bbox 975 2972 1082 3072; x_wconf 83' lang='lat' dir='ltr'><strong>gigni</strong></span> <span class='ocrx_word' id='word_1_215' title='bbox 1106 2984 1142 3046; x_wconf 92' lang='lat' dir='ltr'><strong>et</strong></span> <span class='ocrx_word' id='word_1_216' title='bbox 1166 2972 1206 3045; x_wconf 90' lang='lat' dir='ltr'><strong>in</strong></span> <span class='ocrx_word' id='word_1_217' title='bbox 1231 2998 1314 3045; x_wconf 93' lang='lat' dir='ltr'><strong>eum</strong></span> <span class='ocrx_word' id='word_1_218' title='bbox 1340 2969 1472 3046; x_wconf 87' lang='lat' dir='ltr'><strong>reverti</strong></span> <span class='ocrx_word' id='word_1_219' title='bbox 1507 2968 1649 3044; x_wconf 83' lang='lat' dir='ltr'><strong>docent</strong></span> <span class='ocrx_word' id='word_1_220' title='bbox 1710 2966 1793 3058; x_wconf 85' lang='lat' dir='ltr'><strong>Quo</strong></span> <span class='ocrx_word' id='word_1_221' title='bbox 1819 2970 1876 3064; x_wconf 90' lang='lat' dir='ltr'><strong>fit,</strong></span> <span class='ocrx_word' id='word_1_222' title='bbox 1917 2984 1958 3045; x_wconf 89' lang='lat' dir='ltr'><strong>ut</strong></span> <span class='ocrx_word' id='word_1_223' title='bbox 1988 2971 2098 3046; x_wconf 90' lang='lat' dir='ltr'><strong>deum</strong></span> 
     </span>
     <span class='ocr_line' id='line_1_24' title="bbox 572 3071 2098 3173; baseline -0.001 -26"><span class='ocrx_word' id='word_1_224' title='bbox 572 3101 654 3148; x_wconf 91' lang='lat' dir='ltr'><strong>cum</strong></span> <span class='ocrx_word' id='word_1_225' title='bbox 681 3075 820 3149; x_wconf 89' lang='lat' dir='ltr'><strong>semine</strong></span> <span class='ocrx_word' id='word_1_226' title='bbox 848 3073 1008 3171; x_wconf 91' lang='lat' dir='ltr'><strong>quodam</strong></span> <span class='ocrx_word' id='word_1_227' title='bbox 1033 3100 1156 3148; x_wconf 89' lang='lat' dir='ltr'><strong>rerum</strong></span> <span class='ocrx_word' id='word_1_228' title='bbox 1190 3087 1423 3172; x_wconf 88' lang='lat' dir='ltr'><strong>comparent,</strong></span> <span class='ocrx_word' id='word_1_229' title='bbox 1460 3098 1506 3148; x_wconf 81' lang='lat' dir='ltr'><strong>ex</strong></span> <span class='ocrx_word' id='word_1_230' title='bbox 1540 3097 1613 3169; x_wconf 93' lang='lat' dir='ltr'><strong>quo</strong></span> <span class='ocrx_word' id='word_1_231' title='bbox 1649 3095 1778 3145; x_wconf 90' lang='lat' dir='ltr'><strong>omnes</strong></span> <span class='ocrx_word' id='word_1_232' title='bbox 1816 3071 1946 3146; x_wconf 93' lang='lat' dir='ltr'><strong>mundi</strong></span> <span class='ocrx_word' id='word_1_233' title='bbox 1976 3089 2098 3173; x_wconf 76' lang='lat' dir='ltr'><strong>partes</strong></span> 
     </span>
     <span class='ocr_line' id='line_1_25' title="bbox 570 3173 2098 3274; baseline 0.001 -26"><span class='ocrx_word' id='word_1_234' title='bbox 570 3175 769 3250; x_wconf 88' lang='lat' dir='ltr'><strong>secundum</strong></span> <span class='ocrx_word' id='word_1_235' title='bbox 796 3176 956 3250; x_wconf 89' lang='lat' dir='ltr'><strong>rationes</strong></span> <span class='ocrx_word' id='word_1_236' title='bbox 987 3202 1064 3249; x_wconf 91' lang='lat' dir='ltr'><strong>non</strong></span> <span class='ocrx_word' id='word_1_237' title='bbox 1099 3176 1179 3251; x_wconf 92' lang='lat' dir='ltr'><strong>sine</strong></span> <span class='ocrx_word' id='word_1_238' title='bbox 1213 3189 1333 3250; x_wconf 89' lang='lat' dir='ltr'><strong>mente</strong></span> <span class='ocrx_word' id='word_1_239' title='bbox 1370 3173 1559 3248; x_wconf 79' lang='lat' dir='ltr'><strong>ordinatas</strong></span> <span class='ocrx_word' id='word_1_240' title='bbox 1591 3188 1844 3272; x_wconf 82' lang='lat' dir='ltr'><strong>procrescent,</strong></span> <span class='ocrx_word' id='word_1_241' title='bbox 1873 3174 2098 3274; x_wconf 87' lang='lat' dir='ltr'><strong>totidemque</strong></span> 
     </span>
     <span class='ocr_line' id='line_1_26' title="bbox 568 3274 2095 3377; baseline 0 -26"><span class='ocrx_word' id='word_1_242' title='bbox 568 3278 693 3351; x_wconf 88' lang='lat' dir='ltr'><strong>dicant</strong></span> <span class='ocrx_word' id='word_1_243' title='bbox 719 3302 874 3377; x_wconf 86' lang='lat' dir='ltr'><strong>corpora</strong></span> <span class='ocrx_word' id='word_1_244' title='bbox 900 3301 1134 3353; x_wconf 87' lang='lat' dir='ltr'><strong>concrescere</strong></span> <span class='ocrx_word' id='word_1_245' title='bbox 1159 3292 1249 3377; x_wconf 93' lang='lat' dir='ltr'><strong>quot</strong></span> <span class='ocrx_word' id='word_1_246' title='bbox 1281 3276 1455 3352; x_wconf 89' lang='lat' dir='ltr'><strong>materiae</strong></span> <span class='ocrx_word' id='word_1_247' title='bbox 1487 3274 1707 3352; x_wconf 88' lang='lat' dir='ltr'><strong>mutationes</strong></span> <span class='ocrx_word' id='word_1_248' title='bbox 1733 3275 1841 3371; x_wconf 86' lang='lat' dir='ltr'><strong>fiant,</strong></span> <span class='ocrx_word' id='word_1_249' title='bbox 1876 3275 1928 3349; x_wconf 88' lang='lat' dir='ltr'><strong>ita</strong></span> <span class='ocrx_word' id='word_1_250' title='bbox 1959 3290 2095 3370; x_wconf 65' lang='lat' dir='ltr'><strong>nmen,</strong></span> 
     </span>
     <span class='ocr_line' id='line_1_27' title="bbox 568 3375 2097 3479; baseline 0.003 -27"><span class='ocrx_word' id='word_1_251' title='bbox 568 3397 607 3453; x_wconf 88' lang='lat' dir='ltr'><strong>ut</strong></span> <span class='ocrx_word' id='word_1_252' title='bbox 631 3406 726 3454; x_wconf 87' lang='lat' dir='ltr'><strong>unus</strong></span> <span class='ocrx_word' id='word_1_253' title='bbox 752 3378 923 3478; x_wconf 87' lang='lat' dir='ltr'><strong>idemque</strong></span> <span class='ocrx_word' id='word_1_254' title='bbox 948 3381 988 3453; x_wconf 93' lang='lat' dir='ltr'><strong>in</strong></span> <span class='ocrx_word' id='word_1_255' title='bbox 1015 3379 1188 3455; x_wconf 91' lang='lat' dir='ltr'><strong>omnibus</strong></span> <span class='ocrx_word' id='word_1_256' title='bbox 1216 3392 1364 3454; x_wconf 88' lang='lat' dir='ltr'><strong>maneat</strong></span> <span class='ocrx_word' id='word_1_257' title='bbox 1396 3379 1457 3454; x_wconf 94' lang='lat' dir='ltr'><strong>ille</strong></span> <span class='ocrx_word' id='word_1_258' title='bbox 1481 3376 1627 3452; x_wconf 91' lang='lat' dir='ltr'><strong>divinus</strong></span> <span class='ocrx_word' id='word_1_259' title='bbox 1649 3375 1766 3476; x_wconf 89' lang='lat' dir='ltr'><strong>ignis,</strong></span> <span class='ocrx_word' id='word_1_260' title='bbox 1802 3404 2020 3479; x_wconf 90' lang='lat' dir='ltr'><strong>semperque</strong></span> <span class='ocrx_word' id='word_1_261' title='bbox 2049 3380 2097 3455; x_wconf 86' lang='lat' dir='ltr'><strong>ad</strong></span> 
     </span>
     <span class='ocr_line' id='line_1_28' title="bbox 567 3478 2097 3598; baseline 0.003 -45"><span class='ocrx_word' id='word_1_262' title='bbox 567 3509 606 3556; x_wconf 88' lang='lat' dir='ltr'><strong>se</strong></span> <span class='ocrx_word' id='word_1_263' title='bbox 630 3481 752 3598; x_wconf 90' lang='lat' dir='ltr'><strong>ipsum</strong></span> <span class='ocrx_word' id='word_1_264' title='bbox 777 3497 950 3556; x_wconf 85' lang='lat' dir='ltr'><strong>recurrat</strong></span> <span class='ocrx_word' id='word_1_265' title='bbox 1011 3480 1132 3571; x_wconf 80' lang='lat' dir='ltr'><strong>Quam</strong></span> <span class='ocrx_word' id='word_1_266' title='bbox 1166 3482 1214 3555; x_wconf 92' lang='lat' dir='ltr'><strong>ad</strong></span> <span class='ocrx_word' id='word_1_267' title='bbox 1246 3481 1434 3556; x_wconf 87' lang='lat' dir='ltr'><strong>notionem</strong></span> <span class='ocrx_word' id='word_1_268' title='bbox 1468 3478 1671 3555; x_wconf 86' lang='lat' dir='ltr'><strong>accuratius</strong></span> <span class='ocrx_word' id='word_1_269' title='bbox 1705 3478 1953 3558; x_wconf 86' lang='lat' dir='ltr'><strong>definiendam</strong></span> <span class='ocrx_word' id='word_1_270' title='bbox 1987 3482 2097 3557; x_wconf 90' lang='lat' dir='ltr'><strong>deum</strong></span> 
     </span>
     <span class='ocr_line' id='line_1_29' title="bbox 567 3583 2095 3681; baseline 0.003 -26"><span class='ocrx_word' id='word_1_271' title='bbox 567 3583 780 3657; x_wconf 80' lang='lat' dir='ltr'><strong>seminalem</strong></span> <span class='ocrx_word' id='word_1_272' title='bbox 807 3583 918 3657; x_wconf 90' lang='lat' dir='ltr'><strong>totius</strong></span> <span class='ocrx_word' id='word_1_273' title='bbox 944 3583 1074 3657; x_wconf 90' lang='lat' dir='ltr'><strong>mundi</strong></span> <span class='ocrx_word' id='word_1_274' title='bbox 1099 3583 1280 3658; x_wconf 90' lang='lat' dir='ltr'><strong>rationem</strong></span> <span class='ocrx_word' id='word_1_275' title='bbox 1318 3590 1574 3681; x_wconf 76' lang='grc' dir='ltr'><strong>(σπερματικος</strong></span> <span class='ocrx_word' id='word_1_276' title='bbox 1606 3585 1717 3674; x_wconf 79' lang='grc' dir='ltr'><em>λόγος</em></span> <span class='ocrx_word' id='word_1_277' title='bbox 1749 3587 1811 3656; x_wconf 79' lang='grc' dir='ltr'><strong>τοῦ</strong></span> <span class='ocrx_word' id='word_1_278' title='bbox 1832 3589 1990 3681; x_wconf 79' lang='grc' dir='ltr'><strong>κόσμου)</strong></span> <span class='ocrx_word' id='word_1_279' title='bbox 2016 3612 2095 3660; x_wconf 88' lang='lat' dir='ltr'><strong>esse</strong></span> 
     </span>
     <span class='ocr_line' id='line_1_30' title="bbox 564 3682 2095 3785; baseline 0.003 -27"><span class='ocrx_word' id='word_1_280' title='bbox 564 3684 747 3759; x_wconf 89' lang='lat' dir='ltr'><strong>dicebant.</strong></span> <span class='ocrx_word' id='word_1_281' title='bbox 800 3685 927 3783; x_wconf 86' lang='lat' dir='ltr'><strong>Itaque</strong></span> <span class='ocrx_word' id='word_1_282' title='bbox 949 3684 1057 3781; x_wconf 83' lang='lat' dir='ltr'><strong>deus,</strong></span> <span class='ocrx_word' id='word_1_283' title='bbox 1084 3712 1196 3785; x_wconf 89' lang='lat' dir='ltr'><strong>quum</strong></span> <span class='ocrx_word' id='word_1_284' title='bbox 1223 3685 1302 3785; x_wconf 89' lang='lat' dir='ltr'><strong>ipse</strong></span> <span class='ocrx_word' id='word_1_285' title='bbox 1329 3685 1534 3774; x_wconf 88' lang='lat' dir='ltr'><strong>communis</strong></span> <span class='ocrx_word' id='word_1_286' title='bbox 1556 3682 1666 3759; x_wconf 88' lang='lat' dir='ltr'><strong>totius</strong></span> <span class='ocrx_word' id='word_1_287' title='bbox 1693 3684 1823 3762; x_wconf 89' lang='lat' dir='ltr'><strong>mundi</strong></span> <span class='ocrx_word' id='word_1_288' title='bbox 1848 3688 1942 3762; x_wconf 90' lang='lat' dir='ltr'><strong>ratio</strong></span> <span class='ocrx_word' id='word_1_289' title='bbox 1969 3687 2016 3764; x_wconf 90' lang='lat' dir='ltr'><strong>sit</strong></span> <span class='ocrx_word' id='word_1_290' title='bbox 2039 3714 2095 3762; x_wconf 87' lang='lat' dir='ltr'><strong>se-</strong></span> 
     </span>
     <span class='ocr_line' id='line_1_31' title="bbox 565 3785 2095 3890; baseline 0.003 -31"><span class='ocrx_word' id='word_1_291' title='bbox 565 3787 730 3883; x_wconf 89' lang='lat' dir='ltr'><strong>minalis,</strong></span> <span class='ocrx_word' id='word_1_292' title='bbox 765 3813 893 3861; x_wconf 86' lang='lat' dir='ltr'><strong>omnes</strong></span> <span class='ocrx_word' id='word_1_293' title='bbox 927 3787 1036 3861; x_wconf 90' lang='lat' dir='ltr'><strong>etiam</strong></span> <span class='ocrx_word' id='word_1_294' title='bbox 1073 3788 1112 3860; x_wconf 94' lang='lat' dir='ltr'><strong>in</strong></span> <span class='ocrx_word' id='word_1_295' title='bbox 1146 3814 1185 3864; x_wconf 89' lang='lat' dir='ltr'><strong>se</strong></span> <span class='ocrx_word' id='word_1_296' title='bbox 1219 3788 1448 3889; x_wconf 89' lang='lat' dir='ltr'><strong>singularum</strong></span> <span class='ocrx_word' id='word_1_297' title='bbox 1475 3813 1598 3862; x_wconf 86' lang='lat' dir='ltr'><strong>rerum</strong></span> <span class='ocrx_word' id='word_1_298' title='bbox 1624 3785 1818 3865; x_wconf 88' lang='lat' dir='ltr'><strong>seminales</strong></span> <span class='ocrx_word' id='word_1_299' title='bbox 1845 3789 2095 3890; x_wconf 81' lang='lat' dir='ltr'><strong>complectitur</strong></span> 
     </span>
    </p>
   </div>
   <div class='ocr_carea' id='block_1_3' title="bbox 453 3887 2094 3990">
    <p class='ocr_par' dir='ltr' id='par_1_3' title="bbox 453 3887 2094 3990">
     <span class='ocr_line' id='line_1_32' title="bbox 453 3887 2094 3990; baseline 0.002 -28"><span class='ocrx_word' id='word_1_300' title='bbox 453 3927 457 3932; x_wconf 97' lang='lat'><em>·</em></span> <span class='ocrx_word' id='word_1_301' title='bbox 563 3889 723 3964; x_wconf 89' lang='lat' dir='ltr'><strong>rationes</strong></span> <span class='ocrx_word' id='word_1_302' title='bbox 749 3903 859 3988; x_wconf 89' lang='lat' dir='ltr'><strong>atque</strong></span> <span class='ocrx_word' id='word_1_303' title='bbox 884 3888 1054 3984; x_wconf 89' lang='lat' dir='ltr'><strong>continet,</strong></span> <span class='ocrx_word' id='word_1_304' title='bbox 1082 3916 1173 3988; x_wconf 89' lang='lat' dir='ltr'><strong>quas</strong></span> <span class='ocrx_word' id='word_1_305' title='bbox 1195 3890 1423 3990; x_wconf 84' lang='lat' dir='ltr'><strong>temporibus</strong></span> <span class='ocrx_word' id='word_1_306' title='bbox 1449 3887 1653 3963; x_wconf 88' lang='lat' dir='ltr'><strong>constitutis</strong></span> <span class='ocrx_word' id='word_1_307' title='bbox 1680 3916 1725 3964; x_wconf 88' lang='lat' dir='ltr'><strong>ex</strong></span> <span class='ocrx_word' id='word_1_308' title='bbox 1739 3916 1778 3964; x_wconf 91' lang='lat' dir='ltr'><strong>se</strong></span> <span class='ocrx_word' id='word_1_309' title='bbox 1793 3905 1971 3990; x_wconf 85' lang='lat' dir='ltr'><strong>procreat,</strong></span> <span class='ocrx_word' id='word_1_310' title='bbox 1997 3891 2094 3966; x_wconf 89' lang='lat' dir='ltr'><strong>unde</strong></span> 
     </span>
    </p>
   </div>
   <div class='ocr_carea' id='block_1_4' title="bbox 561 3988 2094 5113">
    <p class='ocr_par' dir='ltr' id='par_1_4' title="bbox 562 3988 2094 4706">
     <span class='ocr_line' id='line_1_33' title="bbox 565 3988 2094 4089; baseline 0.001 -24"><span class='ocrx_word' id='word_1_311' title='bbox 565 3992 680 4066; x_wconf 76' lang='lat' dir='ltr'><strong>Stoici</strong></span> <span class='ocrx_word' id='word_1_312' title='bbox 704 3991 812 4066; x_wconf 91' lang='lat' dir='ltr'><strong>deum</strong></span> <span class='ocrx_word' id='word_1_313' title='bbox 836 3994 874 4065; x_wconf 77' lang='grc' dir='ltr'><strong>ἕν</strong></span> <span class='ocrx_word' id='word_1_314' title='bbox 900 3995 1044 4086; x_wconf 78' lang='grc' dir='ltr'><em>πλῆθος</em></span> <span class='ocrx_word' id='word_1_315' title='bbox 1069 3991 1281 4066; x_wconf 88' lang='lat' dir='ltr'><strong>nominasse</strong></span> <span class='ocrx_word' id='word_1_316' title='bbox 1307 3991 1488 4066; x_wconf 90' lang='lat' dir='ltr'><strong>dicuntur.</strong></span> <span class='ocrx_word' id='word_1_317' title='bbox 1541 3988 1669 4084; x_wconf 81' lang='lat' dir='ltr'><strong>„Quae</strong></span> <span class='ocrx_word' id='word_1_318' title='bbox 1695 4017 1807 4089; x_wconf 93' lang='lat' dir='ltr'><strong>quum</strong></span> <span class='ocrx_word' id='word_1_319' title='bbox 1835 3992 1886 4065; x_wconf 89' lang='lat' dir='ltr'><strong>ita</strong></span> <span class='ocrx_word' id='word_1_320' title='bbox 1911 3994 1993 4085; x_wconf 91' lang='lat' dir='ltr'><strong>sint,</strong></span> <span class='ocrx_word' id='word_1_321' title='bbox 2019 4020 2094 4067; x_wconf 89' lang='lat' dir='ltr'><strong>una</strong></span> 
     </span>
     <span class='ocr_line' id='line_1_34' title="bbox 564 4092 2094 4193; baseline 0.001 -27"><span class='ocrx_word' id='word_1_322' title='bbox 564 4108 704 4167; x_wconf 88' lang='lat' dir='ltr'><strong>tantum</strong></span> <span class='ocrx_word' id='word_1_323' title='bbox 729 4093 796 4167; x_wconf 92' lang='lat' dir='ltr'><strong>toti</strong></span> <span class='ocrx_word' id='word_1_324' title='bbox 822 4093 961 4168; x_wconf 91' lang='lat' dir='ltr'><strong>mundo</strong></span> <span class='ocrx_word' id='word_1_325' title='bbox 982 4093 1079 4168; x_wconf 87' lang='lat' dir='ltr'><strong>inest</strong></span> <span class='ocrx_word' id='word_1_326' title='bbox 1104 4093 1197 4168; x_wconf 90' lang='lat' dir='ltr'><strong>vitae</strong></span> <span class='ocrx_word' id='word_1_327' title='bbox 1223 4094 1333 4167; x_wconf 88' lang='lat' dir='ltr'><strong>ratio:</strong></span> <span class='ocrx_word' id='word_1_328' title='bbox 1374 4092 1499 4167; x_wconf 89' lang='lat' dir='ltr'><strong>divina</strong></span> <span class='ocrx_word' id='word_1_329' title='bbox 1532 4092 1596 4164; x_wconf 90' lang='lat' dir='ltr'><strong>illa</strong></span> <span class='ocrx_word' id='word_1_330' title='bbox 1621 4092 1676 4166; x_wconf 87' lang='lat' dir='ltr'><strong>vis</strong></span> <span class='ocrx_word' id='word_1_331' title='bbox 1702 4092 1911 4188; x_wconf 87' lang='lat' dir='ltr'><strong>rationalis,</strong></span> <span class='ocrx_word' id='word_1_332' title='bbox 1950 4121 1994 4168; x_wconf 86' lang='lat' dir='ltr'><strong>ex</strong></span> <span class='ocrx_word' id='word_1_333' title='bbox 2021 4122 2094 4193; x_wconf 89' lang='lat' dir='ltr'><strong>qna</strong></span> 
     </span>
     <span class='ocr_line' id='line_1_35' title="bbox 564 4193 2093 4297; baseline 0.003 -29"><span class='ocrx_word' id='word_1_334' title='bbox 564 4195 690 4269; x_wconf 88' lang='lat' dir='ltr'><strong>onmia</strong></span> <span class='ocrx_word' id='word_1_335' title='bbox 715 4196 891 4292; x_wconf 86' lang='lat' dir='ltr'><strong>oriuntur,</strong></span> <span class='ocrx_word' id='word_1_336' title='bbox 914 4210 1124 4291; x_wconf 86' lang='lat' dir='ltr'><strong>nascuntur,</strong></span> <span class='ocrx_word' id='word_1_337' title='bbox 1149 4222 1242 4295; x_wconf 89' lang='lat' dir='ltr'><strong>quae</strong></span> <span class='ocrx_word' id='word_1_338' title='bbox 1269 4196 1396 4270; x_wconf 90' lang='lat' dir='ltr'><strong>omnia</strong></span> <span class='ocrx_word' id='word_1_339' title='bbox 1415 4207 1590 4297; x_wconf 90' lang='lat' dir='ltr'><strong>penetrat,</strong></span> <span class='ocrx_word' id='word_1_340' title='bbox 1617 4193 1743 4267; x_wconf 87' lang='lat' dir='ltr'><strong>omnia</strong></span> <span class='ocrx_word' id='word_1_341' title='bbox 1769 4194 1917 4295; x_wconf 85' lang='lat' dir='ltr'><strong>effingit,</strong></span> <span class='ocrx_word' id='word_1_342' title='bbox 1944 4196 2093 4295; x_wconf 88' lang='lat' dir='ltr'><strong>animat,</strong></span> 
     </span>
     <span class='ocr_line' id='line_1_36' title="bbox 564 4294 2092 4401; baseline 0.004 -34"><span class='ocrx_word' id='word_1_343' title='bbox 564 4297 741 4391; x_wconf 82' lang='lat' dir='ltr'><strong>continet,</strong></span> <span class='ocrx_word' id='word_1_344' title='bbox 769 4313 805 4372; x_wconf 92' lang='lat' dir='ltr'><strong>et</strong></span> <span class='ocrx_word' id='word_1_345' title='bbox 829 4299 981 4373; x_wconf 91' lang='lat' dir='ltr'><strong>numine</strong></span> <span class='ocrx_word' id='word_1_346' title='bbox 1008 4326 1073 4372; x_wconf 87' lang='lat' dir='ltr'><strong>suo</strong></span> <span class='ocrx_word' id='word_1_347' title='bbox 1100 4298 1203 4399; x_wconf 83' lang='lat' dir='ltr'><strong>regit,</strong></span> <span class='ocrx_word' id='word_1_348' title='bbox 1230 4298 1312 4398; x_wconf 88' lang='lat' dir='ltr'><strong>ipsa</strong></span> <span class='ocrx_word' id='word_1_349' title='bbox 1337 4298 1404 4373; x_wconf 90' lang='lat' dir='ltr'><strong>etsi</strong></span> <span class='ocrx_word' id='word_1_350' title='bbox 1429 4295 1540 4369; x_wconf 87' lang='lat' dir='ltr'><strong>variis</strong></span> <span class='ocrx_word' id='word_1_351' title='bbox 1564 4294 1603 4368; x_wconf 92' lang='lat' dir='ltr'><strong>in</strong></span> <span class='ocrx_word' id='word_1_352' title='bbox 1632 4295 1741 4370; x_wconf 90' lang='lat' dir='ltr'><strong>rebus</strong></span> <span class='ocrx_word' id='word_1_353' title='bbox 1767 4298 1868 4372; x_wconf 86' lang='lat' dir='ltr'><strong>varia</strong></span> <span class='ocrx_word' id='word_1_354' title='bbox 1894 4300 2015 4401; x_wconf 89' lang='lat' dir='ltr'><strong>specie</strong></span> <span class='ocrx_word' id='word_1_355' title='bbox 2035 4302 2092 4373; x_wconf 90' lang='lat' dir='ltr'><strong>in-</strong></span> 
     </span>
     <span class='ocr_line' id='line_1_37' title="bbox 564 4396 2090 4503; baseline 0.002 -32"><span class='ocrx_word' id='word_1_356' title='bbox 564 4399 668 4492; x_wconf 90' lang='lat' dir='ltr'><strong>duta,</strong></span> <span class='ocrx_word' id='word_1_357' title='bbox 706 4399 816 4473; x_wconf 91' lang='lat' dir='ltr'><strong>modo</strong></span> <span class='ocrx_word' id='word_1_358' title='bbox 843 4417 974 4474; x_wconf 90' lang='lat' dir='ltr'><strong>natura</strong></span> <span class='ocrx_word' id='word_1_359' title='bbox 1000 4399 1131 4503; x_wconf 66' lang='lat' dir='ltr'><strong>(paors)</strong></span> <span class='ocrx_word' id='word_1_360' title='bbox 1161 4400 1199 4473; x_wconf 94' lang='lat' dir='ltr'><strong>in</strong></span> <span class='ocrx_word' id='word_1_361' title='bbox 1233 4400 1377 4493; x_wconf 91' lang='lat' dir='ltr'><strong>herbis,</strong></span> <span class='ocrx_word' id='word_1_362' title='bbox 1414 4396 1525 4472; x_wconf 90' lang='lat' dir='ltr'><strong>modo</strong></span> <span class='ocrx_word' id='word_1_363' title='bbox 1559 4397 1685 4474; x_wconf 85' lang='lat' dir='ltr'><strong>anima</strong></span> <span class='ocrx_word' id='word_1_364' title='bbox 1715 4406 1844 4493; x_wconf 76' lang='grc' dir='ltr'>(ψυχή)</span> <span class='ocrx_word' id='word_1_365' title='bbox 1883 4401 1922 4474; x_wconf 89' lang='lat' dir='ltr'><strong>in</strong></span> <span class='ocrx_word' id='word_1_366' title='bbox 1954 4401 2090 4497; x_wconf 85' lang='lat' dir='ltr'><strong>bestiis,</strong></span> 
     </span>
     <span class='ocr_line' id='line_1_38' title="bbox 563 4499 2091 4631; baseline 0.003 -58"><span class='ocrx_word' id='word_1_367' title='bbox 563 4501 673 4574; x_wconf 90' lang='lat' dir='ltr'><strong>modo</strong></span> <span class='ocrx_word' id='word_1_368' title='bbox 701 4501 824 4575; x_wconf 88' lang='lat' dir='ltr'><strong>anima</strong></span> <span class='ocrx_word' id='word_1_369' title='bbox 851 4502 991 4578; x_wconf 85' lang='lat' dir='ltr'><strong>ratione</strong></span> <span class='ocrx_word' id='word_1_370' title='bbox 1020 4502 1185 4604; x_wconf 88' lang='lat' dir='ltr'><strong>praedita</strong></span> <span class='ocrx_word' id='word_1_371' title='bbox 1220 4504 1331 4631; x_wconf 49' lang='grc' dir='ltr'><em>ςψυχὴ</em></span> <span class='ocrx_word' id='word_1_372' title='bbox 1367 4502 1508 4596; x_wconf 62' lang='lat' dir='ltr'><strong>tortari)</strong></span> <span class='ocrx_word' id='word_1_373' title='bbox 1543 4500 1582 4571; x_wconf 91' lang='lat' dir='ltr'><strong>in</strong></span> <span class='ocrx_word' id='word_1_374' title='bbox 1609 4499 1841 4597; x_wconf 89' lang='lat' dir='ltr'><strong>hominibus,</strong></span> <span class='ocrx_word' id='word_1_375' title='bbox 1872 4503 1911 4576; x_wconf 87' lang='lat' dir='ltr'><strong>in</strong></span> <span class='ocrx_word' id='word_1_376' title='bbox 1948 4530 2091 4578; x_wconf 88' lang='lat' dir='ltr'><strong>summo</strong></span> 
     </span>
     <span class='ocr_line' id='line_1_39' title="bbox 562 4603 1246 4706; baseline 0.003 -30"><span class='ocrx_word' id='word_1_377' title='bbox 562 4630 684 4678; x_wconf 85' lang='lat' dir='ltr'><strong>rerum</strong></span> <span class='ocrx_word' id='word_1_378' title='bbox 711 4603 841 4678; x_wconf 89' lang='lat' dir='ltr'><strong>ordine</strong></span> <span class='ocrx_word' id='word_1_379' title='bbox 866 4604 1012 4704; x_wconf 90' lang='lat' dir='ltr'><strong>positis,</strong></span> <span class='ocrx_word' id='word_1_380' title='bbox 1041 4604 1246 4706; x_wconf 84' lang='lat' dir='ltr'><strong>appareat’</strong></span> 
     </span>
    </p>

    <p class='ocr_par' dir='ltr' id='par_1_5' title="bbox 561 4702 2093 5113">
     <span class='ocr_line' id='line_1_40' title="bbox 671 4702 2091 4810; baseline 0.003 -31"><span class='ocrx_word' id='word_1_381' title='bbox 671 4705 814 4795; x_wconf 81' lang='lat' dir='ltr'><strong>Quibus</strong></span> <span class='ocrx_word' id='word_1_382' title='bbox 842 4703 1048 4781; x_wconf 86' lang='lat' dir='ltr'><strong>Stoicorum</strong></span> <span class='ocrx_word' id='word_1_383' title='bbox 1077 4706 1220 4807; x_wconf 88' lang='lat' dir='ltr'><strong>placitis</strong></span> <span class='ocrx_word' id='word_1_384' title='bbox 1244 4706 1383 4781; x_wconf 80' lang='lat' dir='ltr'><strong>Justini</strong></span> <span class='ocrx_word' id='word_1_385' title='bbox 1415 4706 1461 4781; x_wconf 91' lang='lat' dir='ltr'><strong>de</strong></span> <span class='ocrx_word' id='word_1_386' title='bbox 1500 4705 1585 4806; x_wconf 89' lang='lat' dir='ltr'><strong>logo</strong></span> <span class='ocrx_word' id='word_1_387' title='bbox 1612 4702 1817 4777; x_wconf 87' lang='lat' dir='ltr'><strong>doctrinam</strong></span> <span class='ocrx_word' id='word_1_388' title='bbox 1843 4707 1873 4780; x_wconf 88' lang='lat' dir='ltr'><strong>si</strong></span> <span class='ocrx_word' id='word_1_389' title='bbox 1901 4704 2091 4810; x_wconf 85' lang='lat' dir='ltr'><strong>compara-</strong></span> 
     </span>
     <span class='ocr_line' id='line_1_41' title="bbox 562 4804 2091 4928; baseline 0.005 -48"><span class='ocrx_word' id='word_1_390' title='bbox 562 4836 661 4903; x_wconf 72' lang='lat' dir='ltr'><strong>muS,</strong></span> <span class='ocrx_word' id='word_1_391' title='bbox 690 4808 763 4881; x_wconf 90' lang='lat' dir='ltr'><strong>vim</strong></span> <span class='ocrx_word' id='word_1_392' title='bbox 792 4835 904 4907; x_wconf 87' lang='lat' dir='ltr'><strong>quam</strong></span> <span class='ocrx_word' id='word_1_393' title='bbox 929 4808 993 4882; x_wconf 91' lang='lat' dir='ltr'><strong>illa</strong></span> <span class='ocrx_word' id='word_1_394' title='bbox 1017 4808 1065 4882; x_wconf 89' lang='lat' dir='ltr'><strong>ad</strong></span> <span class='ocrx_word' id='word_1_395' title='bbox 1091 4808 1189 4883; x_wconf 89' lang='lat' dir='ltr'><strong>hanc</strong></span> <span class='ocrx_word' id='word_1_396' title='bbox 1214 4808 1452 4884; x_wconf 84' lang='lat' dir='ltr'><strong>excolendam</strong></span> <span class='ocrx_word' id='word_1_397' title='bbox 1478 4806 1649 4882; x_wconf 89' lang='lat' dir='ltr'><strong>habuerit</strong></span> <span class='ocrx_word' id='word_1_398' title='bbox 1681 4804 1788 4880; x_wconf 76' lang='lat' dir='ltr'><strong>facile</strong></span> <span class='ocrx_word' id='word_1_399' title='bbox 1816 4834 2091 4928; x_wconf 81' lang='lat' dir='ltr'><strong>cognoscemus,</strong></span> 
     </span>
     <span class='ocr_line' id='line_1_42' title="bbox 561 4905 2092 5011; baseline 0.006 -29"><span class='ocrx_word' id='word_1_400' title='bbox 561 4911 683 5009; x_wconf 87' lang='lat' dir='ltr'><strong>itaque</strong></span> <span class='ocrx_word' id='word_1_401' title='bbox 706 4909 973 5010; x_wconf 87' lang='lat' dir='ltr'><strong>intelligemus,</strong></span> <span class='ocrx_word' id='word_1_402' title='bbox 1010 4924 1235 5011; x_wconf 88' lang='lat' dir='ltr'><strong>quantopere</strong></span> <span class='ocrx_word' id='word_1_403' title='bbox 1267 4910 1469 4987; x_wconf 87' lang='lat' dir='ltr'><strong>erraverint</strong></span> <span class='ocrx_word' id='word_1_404' title='bbox 1494 4908 1547 4982; x_wconf 95' lang='lat' dir='ltr'><strong>illi</strong></span> <span class='ocrx_word' id='word_1_405' title='bbox 1573 4907 1643 4982; x_wconf 88' lang='lat' dir='ltr'><strong>viri</strong></span> <span class='ocrx_word' id='word_1_406' title='bbox 1669 4905 1785 5001; x_wconf 91' lang='lat' dir='ltr'><strong>docti,</strong></span> <span class='ocrx_word' id='word_1_407' title='bbox 1812 4938 1875 5011; x_wconf 85' lang='lat' dir='ltr'><strong>qur</strong></span> <span class='ocrx_word' id='word_1_408' title='bbox 1902 4941 1977 4987; x_wconf 89' lang='lat' dir='ltr'><strong>non</strong></span> <span class='ocrx_word' id='word_1_409' title='bbox 2004 4917 2092 4992; x_wconf 86' lang='lat' dir='ltr'><strong>satis</strong></span> 
     </span>
     <span class='ocr_line' id='line_1_43' title="bbox 561 5008 2093 5113; baseline 0.003 -28"><span class='ocrx_word' id='word_1_410' title='bbox 561 5014 669 5112; x_wconf 83' lang='lat' dir='ltr'><strong>gnari</strong></span> <span class='ocrx_word' id='word_1_411' title='bbox 696 5011 868 5110; x_wconf 88' lang='lat' dir='ltr'><strong>antiquae</strong></span> <span class='ocrx_word' id='word_1_412' title='bbox 888 5011 1143 5113; x_wconf 89' lang='lat' dir='ltr'><strong>philosophiae</strong></span> <span class='ocrx_word' id='word_1_413' title='bbox 1168 5039 1287 5111; x_wconf 92' lang='lat' dir='ltr'><strong>neque</strong></span> <span class='ocrx_word' id='word_1_414' title='bbox 1319 5029 1359 5086; x_wconf 91' lang='lat' dir='ltr'><strong>ut</strong></span> <span class='ocrx_word' id='word_1_415' title='bbox 1393 5027 1535 5113; x_wconf 89' lang='lat' dir='ltr'><strong>oportet</strong></span> <span class='ocrx_word' id='word_1_416' title='bbox 1571 5008 1717 5109; x_wconf 85' lang='lat' dir='ltr'><strong>singula</strong></span> <span class='ocrx_word' id='word_1_417' title='bbox 1746 5011 1925 5089; x_wconf 90' lang='lat' dir='ltr'><strong>elementa</strong></span> <span class='ocrx_word' id='word_1_418' title='bbox 1957 5014 2093 5090; x_wconf 89' lang='lat' dir='ltr'><strong>Justini</strong></span> 
     </span>
    </p>
   </div>
   <div class='ocr_carea' id='block_1_5' title="bbox 1720 5139 1777 5213">
    <p class='ocr_par' dir='ltr' id='par_1_6' title="bbox 1720 5139 1777 5213">
     <span class='ocr_line' id='line_1_44' title="bbox 1720 5139 1777 5213; baseline 0 -34"><span class='ocrx_word' id='word_1_419' title='bbox 1720 5139 1777 5213; x_wconf 71' lang='grc'><strong>6*</strong></span> 
     </span>
    </p>
   </div>
   <div class='ocr_carea' id='block_1_6' title="bbox 0 0 2522 6084">
    <p class='ocr_par' dir='ltr' id='par_1_7' title="bbox 0 0 2522 6084">
     <span class='ocr_line' id='line_1_45' title="bbox 0 0 2522 6084; baseline 0 9"><span class='ocrx_word' id='word_1_420' title='bbox 0 0 2522 6084; x_wconf 95' lang='lat' dir='ltr'><strong> </strong></span> 
     </span>
    </p>
   </div>
  </div>
 </body>
</html>
