5034 6084
1280 658 1327 728 13

531 860 639 955 ritur,
664 885 752 933 num
768 885 843 959 per
867 857 1143 969 philosophicas
1170 857 1441 976 disciplinas,
1430 885 1471 931 ιιι
1497 856 1632 956 quibus
1659 857 1780 932 edocti
1803 875 1908 933 erant
1931 872 2066 959 patres,

488 980 495 997 ·
532 961 657 1036 talia
646 988 690 1034 ιιι
712 960 899 1036 doctrinas
922 986 1049 1036 eorum
1082 961 1260 1034 translata
1287 961 1361 1035 sint
1390 960 1585 1056 elementa,
1620 959 1745 1058 qualia
1769 986 1887 1059 neque
1910 989 1955 1037 ex
1980 961 2069 1035 fidei

530 1063 754 1139 christianae
780 1063 1004 1138 conscientia
1024 1075 1114 1159 orta,
1142 1088 1263 1162 neque
1287 1063 1327 1136 in
1342 1060 1532 1161 Scriptura
1554 1064 1781 1157 confirmata,
1811 1064 1977 1163 opposita
1995 1063 2069 1138 sint

530 1166 721 1241 doctrinae
747 1165 969 1240 christianae
994 1180 1091 1239 recte
1117 1163 1322 1240 intellectae
1343 1163 1617 1263 bibliorumque
1644 1189 1832 1238 sacrorum
1855 1164 2068 1240 anctoritate

532 1268 685 1343 innisae.
726 1267 818 1343 Inde
836 1266 1114 1343 diiudicandum
1133 1267 1211 1363 erit,
1240 1267 1331 1367 quid
1350 1265 1515 1367 patribus
1531 1266 1731 1383 plurimum
1759 1267 1920 1363 valuerit,
1947 1282 2068 1341 utrum

531 1370 754 1445 christianae
780 1370 867 1445 fidei
893 1396 1054 1464 summa,
1091 1394 1140 1441 an
1165 1368 1332 1444 Platonis
1358 1368 1651 1486 philosophia
1622 1395 1699 1442 srve
1724 1369 1878 1443 omnino
1904 1385 2069 1444 veterum

532 1472 836 1573 philosophorum
862 1471 1089 1571 disciplinae.
1143 1469 1286 1562 Quodsi
1305 1497 1448 1545 summa
1468 1469 1690 1545 christianae
1711 1470 1808 1566 fidei,
1836 1471 1926 1545 haec
1945 1472 2069 1545 multis

533 1574 653 1647 modis
678 1601 744 1673 per
767 1573 1045 1675 philosophicas
1072 1573 1258 1690 doctrinas
1283 1572 1469 1674 explicari,
1496 1573 1675 1673 explicata
1696 1571 1891 1672 depravari
1915 1589 2068 1673 poterat,

532 1675 571 1748 id
603 1695 726 1751 tamen
761 1675 860 1775 quod
884 1676 1123 1793 praecipuum
1148 1674 1196 1749 iis
1227 1676 1461 1776 primumque
1487 1690 1581 1770 erat,
1619 1675 1808 1771 manebat,
1847 1678 1998 1751 nucleus
2031 1690 2072 1750 ιιι

532 1778 583 1851 ιιι
606 1778 745 1890 dicam,
779 1777 984 1873 doctrinae,
1021 1777 1052 1850 si
1078 1803 1165 1852 vero
1187 1778 1475 1895 philosophicae
1503 1731 1720 1878 disdiplinae
1744 1732 1944 1895 phirimum
1971 1779 2069 1853 vale·

532 1879 638 1976 bant,
673 1871 874 1954 christiana
900 1879 1049 1977 quidem
1074 1904 1159 1952 cum
1184 1879 1231 1953 iis
1254 1879 1432 1980 coniungi
1461 1893 1645 1980 poterant,
1677 1878 1741 1954 sed
1767 1880 1922 1953 minoris
1945 1895 2070 1955 tamen

532 1983 708 2057 momenti
744 1995 864 2077 erant,
896 1981 994 2055 etin
1020 1980 1256 2082 philosophia
1288 1996 1431 2056 tantum
1457 1981 1708 2056 inhaerebant
1768 1983 1824 2057 De
1858 2009 1931 2080 qua
1957 2009 2069 2099 quae-

531 2084 650 2159 stione
676 2111 770 2183 quae
804 2039 1025 2179 indicemus,
1060 2099 1238 2181 quantum
1262 2084 1310 2158 ad
1343 2084 1556 2184 apologetas
1587 2084 1721 2159 saeculi
1753 2084 1903 2160 secundi
1930 2084 2068 2177 attinet,

531 2186 630 2260 infra
648 2186 886 2282 indicabitur3
912 2184 1112 2260 clarissime
1129 2199 1204 2259 tota
1225 2186 1373 2262 demum
1390 2185 1648 2284 disquisitione
1667 2201 1816 2286 peracta
1833 2186 2000 2261 elucebit
2018 2232 2067 2241 —

532 2288 575 2362 Id
600 2288 711 2363 hodie
735 2289 930 2363 neminem
946 2287 1033 2363 latet
1055 2301 1090 2362 et
1114 2315 1182 2388 pro
1210 2304 1307 2364 certo
1335 2287 1465 2362 haberi
1497 2302 1634 2387 potest,
1673 2303 1865 2387 utramque
1899 2311 2070 2362 mancam

529 2417 612 2465 esse
644 2387 1051 2492 argumentationeme
1032 2402 1067 2464 et
1100 2415 1228 2464 eorum
1260 2390 1324 2490 qui
1354 2406 1501 2491 patrum
1524 2388 1710 2464 doctrinas
1744 2391 1981 2491 philosophia
2007 2417 2068 2482 ve-

530 2508 648 2567 temm
677 2519 827 2592 prorsus
861 2492 1080 2608 depravatas
1105 2517 1185 2568 esse
1218 2493 1409 2589 volebant,
1448 2492 1582 2590 quique
1616 2492 1715 2590 qnod
1750 2493 1939 2568 doctrinae
1970 2492 2067 2566 chri·

530 2594 671 2669 stianae
697 2594 886 2695 proprium
912 2609 1006 2690 erat,
1042 2592 1198 2667 nimium
1224 2594 1482 2696 negligebant,
1519 2608 1725 2691 eteorum,
1753 2595 1914 2693 quivim
1941 2621 2068 2711 quam·

530 2697 619 2770 <lam
659 2697 771 2772 veteri
811 2649 1078 2811 philosophiae
1107 2696 1156 2770 ad
1196 2697 1415 2773 excolendas
1461 2696 1682 2770 christianas
1725 2696 1958 2771 doctrinas
1948 2722 2069 2771 messe

534 2826 683 2899 prorsus
706 2799 911 2900 negabant,
938 2797 978 2871 id
1003 2797 1126 2913 veriti,
1153 2825 1201 2875 ne
1225 2799 1333 2873 ulla
1322 2825 1361 2873 m
1385 2826 1426 2873 re
1449 2798 1701 2873 auctoritatem
1726 2813 1887 2900 patrum,
1916 2823 2068 2873 consue·

533 2901 661 2975 tudine
695 2915 897 3017 receptam,
938 2898 1157 2974 imminuere
1193 2900 1412 2975 viderentur.
1477 2900 1574 2973 Nam
1609 2901 1708 2998 quod
1743 2901 1791 2975 ad
1828 2902 1982 2976 alteram
2015 2915 2068 2974 at·

398 3090 403 3097 ,
535 3004 644 3097 tinet,
682 3028 758 3075 non
794 3002 881 3078 satis
915 3013 1081 3075 accurate
1116 3015 1152 3075 et
1184 3002 1233 3076 ad
1267 3001 1434 3102 singulas
1467 2999 1652 3075 doctrinas
1685 3003 1919 3104 respicientes
1946 3017 2069 3102 patres

535 3103 819 3204 philosophiam
824 3104 882 3178 'ad
908 3102 1131 3177 instituenda
1157 3103 1332 3205 dogmata
1357 3103 1560 3204 applicasse
1587 3106 1817 3179 statuendum
1845 3105 1912 3180 erit
1919 3130 2067 3201 ,quum

534 3205 704 3279 nonnulli
730 3233 856 3281 eorum
883 3219 1079 3303 antequam
1106 3205 1254 3281 Christo
1281 3234 1416 3282 nomen
1443 3205 1635 3302 dederant,
1664 3206 1931 3324 philosophicis
1958 3206 2067 3279 disci-

531 3309 644 3408 plinis
670 3335 819 3408 prorsus
847 3308 985 3382 addicti
1010 3333 1087 3380 non
1111 3308 1255 3405 fuerint,
1284 3309 1349 3385 sed
1375 3308 1514 3382 incitati
1539 3263 1680 3382 tannim
1706 3309 1805 3383 ab''
1781 3336 1836 3382 ns
1872 3308 2068 3383 Praeterea

533 3411 597 3484 illa
622 3437 733 3509 quam
755 3410 939 3485 Christo
868 3427 1049 3485 tinesse
1076 3429 1326 3527 cognoverant
1351 3410 1495 3505 veritaS,
1522 3410 1676 3527 piusque
1703 3437 1775 3509 quo
1796 3411 1935 3484 Christi
1961 3438 2067 3511 prae-

531 3526 638 3612 cepta
664 3512 895 3614 accipiebant
928 3512 1092 3606 animus,
1125 3513 1436 3613 scriptorumque,
1470 3512 1534 3609 qui
1565 3512 1803 3588 vaticinantes
1837 3513 1884 3588 de
1919 3511 2066 3587 Christo

532 3614 709 3732 dixerant,
737 3615 989 3715 intelligentia,
1018 3612 1187 3688 tuebatur
1204 3640 1278 3711 eos,
1304 3641 1353 3689 ne
1371 3639 1470 3686 nova
1492 3638 1576 3686 cum
1598 3614 1758 3713 antiquis
1777 3616 2064 3709 commiscentes,

453 3714 463 3734 '
532 3717 633 3817 ipsas
667 3716 930 3791 ecclesiasticas
965 3715 1151 3790 doctrinas
1184 3730 1459 3815 corrumperent
1491 3729 1526 3788 et
1560 3714 1812 3816 depravarent
1870 3717 1997 3815 Itaque
2031 3732 2066 3791 et

533 3818 605 3919 ipsi
629 3818 700 3915 illi,
735 3818 800 3934 qui
826 3818 976 3893 liberius
1001 3816 1073 3890 illis
1100 3817 1277 3891 doctrinis
1302 3817 1515 3911 utebantur,
1549 3845 1730 3915 „omnem
1755 3819 1971 3918 sapientiam
1998 3818 2063 3891 ho·

532 3921 675 3994 minum
698 3930 918 4020 omnemque
942 3919 1215 4019 philosophiam
1238 3919 1451 3995 revelationi
1470 3919 1616 3995 divinae
1642 3938 1678 3995 et
1697 3920 1965 4037 supranaturali
1985 3946 2065 3995 esse

532 4022 800 4099 subiiciendam
834 4034 1042 4097 constanter
1076 4020 1374 4102 existimabant‘t'
1437 4020 1541 4110 Quae
1573 4022 1694 4097 aliena
1726 4023 1764 4095 vi
1787 4037 1822 4097 et
1852 4039 1935 4097 auct
1921 4022 2065 4097 toritate

532 4140 613 4199 orta
637 4125 677 4198 in
700 4125 846 4224 scriptis
880 4149 1006 4199 eorum
1032 4122 1219 4239 leguntur,
1256 4124 1446 4225 capotius
1478 4122 1694 4198 deducenda
1719 4122 1888 4199 videntur
1914 4151 1993 4199 esse
2021 4150 2065 4198 en

522 4242 607 4315 ‘toto
634 4226 733 4300 illius
768 4227 897 4301 aetatis
929 4223 1100 4342 ingenio,
1136 4225 1235 4323 quod
1266 4224 1562 4343 philosophicum
1597 4238 1675 4299 erat
1660 4227 1880 4301 tomnibus
1910 4251 2065 4328 graecae
2198 4319 2200 4322 Ι

532 4328 749 4403 eruditionis
772 4327 1031 4428 participibus,
1065 4327 1117 4401 ita
1140 4340 1180 4400 ut
1206 4328 1380 4403 ecclesiae
1412 4341 1534 4427 patres
1559 4327 1796 4447 philosophia
1825 4330 1878 4403 uti
1903 4341 2063 4430 possent,

531 4431 676 4505 etiamsi
707 4457 791 4505 eam
825 4457 901 4504 non
932 4455 1062 4530 puram
1095 4430 1339 4530 accepissent,
1377 4454 1495 4528 neque
1526 4454 1670 4531 semper
1701 4457 1792 4532 ipsrs
1827 4458 1871 4506 ex
1900 4430 2064 4505 lontibus

533 4533 680 4608 haurire
706 4532 803 4607 soliti
830 4545 961 4607 essent

647 4634 770 4709 Sea·
745 4661 773 4708 ιι
800 4634 909 4711 etiam
935 4631 1092 4706 docti
1058 4632 1145 4749 vui,
1171 4633 1324 4708 alteram
1348 4632 1451 4705 illam
1471 4631 1534 4730 qui
1561 4631 1808 4709 defendebant
1834 4635 2061 4729 sententiam,

530 4762 674 4811 errasse
700 4736 879 4813 videntur.
938 4734 1045 4808 Nova
1068 4734 1169 4809 enim
1195 4735 1290 4830 vita,
1326 4759 1421 4832 quae
1445 4734 1519 4808 fide
1550 4750 1586 4809 et
1610 4735 1821 4836 cognitione
1843 4736 2016 4812 Christi
2006 4764 2062 4809 rn-

481 4924 482 4927 ,
531 4838 664 4912 seritur
689 4839 849 4935 homini,
882 4834 1032 4912 nonnisi
1058 4836 1195 4911 sensim
1231 4862 1274 4911 ac
1301 4835 1523 4937 pedetentim
1555 4837 1756 4912 naturalem
1789 4838 1978 4915 hominem
2005 4865 2062 4914 re·

532 4955 662 5056 novat,
702 4967 901 5058 omnesque
933 4937 1011 5015 eius
1046 4936 1142 5013 vires
1181 4937 1476 5055 comprehendit,
1517 4940 1864 5039 comprehendendo
1897 4939 2061 5037 restituit,

531 5042 655 5140 itaque
681 5042 819 5118 sensim
841 5042 991 5118 demum
1016 5052 1112 5114 totus
1143 5038 1331 5142 cogitandi
1361 5040 1467 5115 labor
1491 5041 1723 5140 compellitur
1754 5044 1828 5121 fide
1853 5062 1961 5144 atque
1983 5070 2061 5117 mo-
