5034 6084
1183 621 1348 699 '45

484 887 489 897 ,
556 842 621 890 cae
647 814 905 916 philosophiae
932 823 1089 888 tonnam
1117 812 1284 914 attingat,
1311 813 1545 889 tribuendam
1562 839 1651 905 esse,
1676 828 1803 889 monet
1816 815 2035 910 Dunclrerus
2051 816 2090 914 ¹).

555 918 652 992 Nam
679 917 711 991 si
738 916 928 992 christiani
952 917 1088 1015 quique
1115 915 1317 990 secundum
1344 915 1457 1017 logon
1485 914 1671 1011 vixerunt,
1696 943 1823 991 omnes
1847 918 2002 991 animati
2029 943 2090 991 cu·
2162 917 2165 924 ⁴

556 1020 701 1094 iusdanr
728 1020 843 1093 instar
873 1018 1002 1092 mundi
1027 1017 1198 1119 germina
1232 1044 1312 1092 esse
1347 1018 1536 1113 dicuntur,
1573 1017 1695 1117 ipsum
1730 1018 1821 1092 illud
1857 1032 2002 1118 σπέρμα
2029 1026 2092 1093 τοῦ

554 1129 667 1217 λόγου
691 1120 904 1195 hominibus
927 1121 1079 1195 insitum
1101 1147 1186 1194 vere
1208 1120 1430 1220 proprieque
1455 1119 1621 1194 mortalis
1644 1120 1754 1194 huius
1770 1121 1899 1195 mundi
1926 1123 1982 1195 vis
2008 1123 2088 1196 ani·

555 1251 662 1299 mans
689 1238 724 1299 et
757 1222 949 1298 continens
986 1238 1020 1297 et
1043 1249 1168 1298 semen
1195 1222 1290 1297 vitae
1326 1223 1404 1297 eius
1430 1222 1650 1296 immortalis
1670 1223 1874 1322 plenaeque
1901 1250 1984 1298 cum
2009 1225 2089 1300 Deo

556 1325 828 1401 communionis
855 1324 1038 1399 ineundae
1065 1323 1290 1401 censendum
1317 1340 1372 1401 est
1380 1327 1419 1420 ἦ.
1474 1324 1556 1415 Quo
1584 1323 1622 1396 id
1651 1351 1796 1423 quoque
1821 1340 1969 1426 spectat,
1992 1327 2091 1425 quod

557 1457 668 1527 quum
695 1429 809 1503 verba
835 1433 980 1499 πλύνων
1006 1436 1066 1522 τὴν
1090 1431 1218 1522 στολὴν
1243 1426 1349 1501 αὐτοῦ
1380 1429 1417 1500 ἐν
1442 1427 1566 1519 αἵματι
1602 1433 1782 1522 σταφυλῆς
1809 1428 1919 1530 (Gen.
1947 1432 2015 1523 49,
2043 1431 2088 1502 10

556 1547 592 1605 et
619 1532 678 1629 11)
707 1530 753 1605 de
777 1546 892 1605 morte
917 1530 1055 1604 Christi
1082 1530 1260 1630 piaculari
1286 1531 1602 1631 interpretaretur,
1626 1530 1814 1606 contendit
1829 1536 1957 1625 στολήν
1975 1531 2088 1632 signi-

556 1635 666 1707 ficare
692 1632 878 1728 homines,
915 1632 955 1706 in
981 1660 1064 1706 eum
1092 1632 1300 1727 credentes,
1339 1633 1536 1731 inquibus
1563 1631 1728 1706 divinum
1755 1633 1846 1706 illud
1873 1633 2089 1709 semenha-

556 1735 664 1831 bitet,
692 1734 797 1835 logos
812 1736 858 1827 3).
910 1736 1090 1809 Accurate
1113 1748 1235 1808 tamen
1260 1732 1428 1809 ‹lustinus
1453 1735 1499 1809 ab
1525 1733 1601 1825 his,
1629 1762 1722 1833 quae
1748 1736 1904 1836 singulis
1930 1735 2087 1810 homini·

555 1837 624 1910 bus
647 1837 721 1910 sint
744 1837 871 1931 insita,
909 1836 986 1936 logi
1013 1835 1215 1911 seminibus
1248 1850 1365 1910 toturn
1392 1837 1505 1936 logon
1518 1841 1553 1929 4)
1586 1836 1625 1909 in
1663 1836 1812 1911 Christo
1847 1837 2088 1928 incarnatum,

555 1938 816 2037 hominemque
844 1951 1003 2013 creatum
1032 1937 1216 2033 disceruit,
1240 1938 1279 2011 in
1307 1966 1381 2038 qua
1407 1939 1641 2013 distinctione
1664 1937 1817 2035 Stoicos,
1845 1939 1908 2037 qui
1925 1954 1963 2012 ut
1980 1966 2090 2038 supra

556 2041 714 2114 diximus
737 2041 832 2115 inter
862 2040 1091 2140 singulorum
1125 2040 1319 2114 hominum
1353 2041 1547 2117 seminales
1581 2041 1741 2117 rationes
1776 2055 1811 2116 et
1845 2041 2088 2115 universalem

555 2143 665 2217 totius
692 2142 1063 2216 mundiseminalern
1085 2142 1264 2216 rationem
1292 2144 1578 2245 distinguebant,
1605 2171 1688 2218 eum
1716 2158 1877 2220 secutum
1896 2169 1986 2236 esse,
2013 2170 2089 2215 non

556 2259 627 2340 est,
650 2245 750 2343 quod
776 2244 994 2319 dubitemus.
1049 2244 1202 2320 Videtur
1229 2246 1377 2343 quidem
1399 2247 1510 2322 etiam
1532 2246 1580 2319 ad
1607 2246 1703 2320 hanc
1721 2246 1816 2321 inter
1832 2261 1949 2320 toturn
1976 2245 2089 2344 logon

538 2362 591 2442 ,et
614 2346 760 2447 singula
787 2360 973 2446 σπέρματα
1008 2346 1205 2444 rationem,
1241 2348 1485 2423 emanationis
1520 2348 1726 2422 doctrinam
1763 2348 1979 2442 transferre,
2018 2373 2090 2445 qua

556 2477 639 2523 eum
669 2449 717 2523 ad
745 2451 923 2524 rationem
949 2450 1044 2524 inter
1066 2465 1208 2550 patrem
1234 2465 1270 2525 et
1295 2452 1409 2551 logon
1436 2450 1692 2551 explicandam
1719 2478 1826 2525 usum
1848 2477 1946 2544 esse,
1980 2476 2091 2549 supra

555 2567 743 2625 narratum
772 2570 843 2647 est,
869 2553 919 2625 ita
943 2567 982 2624 ut
1007 2579 1126 2650 neque
1148 2552 1241 2627 haec
1268 2552 1437 2627 doctrina
1462 2552 1509 2628 de
1534 2554 1621 2653 logo
1638 2553 1817 2649 seminali,
1844 2552 1891 2628 (le
1910 2551 2090 2626 divisione

556 2654 714 2752 quadam
741 2655 781 2727 in
805 2668 928 2755 partes
954 2654 1169 2754 accipienda
1196 2654 1252 2728 sit.
1305 2655 1366 2729 Ad
1392 2683 1501 2754 quam
1529 2654 1733 2730 doctrinam
1753 2655 1792 2729 id
1809 2655 1967 2754 respicit,
1991 2652 2089 2752 quod

560 2759 666 2831 docet
691 2783 814 2831 semen
842 2756 919 2857 logi
944 2757 1054 2830 totius
1080 2756 1157 2856 logi
1183 2757 1345 2858 effigiem
1373 2772 1514 2832 tanturn
1549 2785 1628 2833 esse
1658 2784 1725 2858 pro
1760 2757 1899 2832 viribus
1925 2782 2088 2830 commu—

559 2858 739 2953 nicatam,
766 2874 801 2933 et
826 2872 1019 2958 propterea
1045 2858 1239 2957 scriptores
1265 2860 1329 2957 qui
1352 2873 1550 2957 antequam
1576 2859 1744 2933 Christus
1770 2860 1881 2933 homo
1903 2857 2020 2931 factus
2046 2855 2091 2929 sit

559 2960 761 3035 exstiterint
786 2987 852 3060 per
875 2960 1024 3033 insitum
1060 2960 1138 3059 logi
1165 2986 1290 3034 semen
1322 2962 1485 3061 potuisse
1520 2988 1646 3035 verum
1680 2961 1822 3057 videre,
1862 2960 1926 3034 sed
1954 2957 2089 3033 subob-

560 3089 680 3157 scure,
706 3090 819 3161 quum
845 3062 945 3135 aliud
969 3061 1016 3135 sit
1042 3087 1166 3137 semen
1193 3062 1405 3152 alicuius-et
1427 3063 1579 3164 effigies
1606 3062 1707 3136 aliud
1730 3064 1849 3162 ipsum
1870 3061 1960 3134 illud
1988 3060 2090 3135 cuius

557 3165 781 3239 consuetudo
808 3178 844 3240 et
868 3163 1023 3238 imitatio
1053 3162 1254 3238 secundum
1288 3165 1405 3265 ipsius
1439 3165 1598 3265 gratiam
1633 3164 1855 3239 concedatur
1876 3164 1917 3263 ⁵).
1982 3162 2091 3237 Unde

556 3266 669 3364 liquet
693 3296 750 3342 res
788 3267 1006 3341 christianas
1045 3267 1147 3340 omni
1184 3266 1348 3341 humana
1387 3267 1553 3342 doctrina
1593 3266 1826 3343 sublimiores
1865 3293 1963 3361 esse,
2003 3265 2090 3362 quia

556 3383 652 3443 totus
674 3370 781 3469 logos
808 3368 999 3464 exstiterit,
1026 3368 1214 3464 Christus3
1236 3369 1487 3469 ,philosophos
1509 3384 1650 3464 autem,
1677 3384 1802 3469 poetas
1829 3384 1865 3444 et
1885 3369 2008 3469 legum
2037 3368 2089 3441 la·

556 3485 654 3544 tores
680 3485 794 3545 totam
822 3471 1011 3547 veritatem
1044 3496 1268 3571 cognoscere
1303 3499 1378 3544 non
1413 3472 1574 3571 potuisse
1610 3487 1646 3545 et
1677 3487 1872 3572 propterea
1898 3497 2007 3570 saepe
2034 3497 2089 3543 se-

558 3597 641 3645 cum
665 3571 754 3671 ipsis
781 3574 985 3673 pugnantia
1009 3572 1145 3646 dixisse
1161 3573 1204 3670 6).
1276 3573 1446 3649 Attamen
1479 3599 1597 3671 neque
1633 3573 1691 3647 his
1727 3572 1871 3674 placitis
1905 3571 2090 3648 affinitatis

556 3689 698 3747 tanturn
725 3674 819 3749 inter
843 3673 1014 3748 homines
1040 3689 1076 3748 et
1105 3673 1224 3748 Deum
1251 3676 1432 3751 rationem
1462 3674 1664 3775 significari
1698 3677 1776 3751 vult
1804 3674 1989 3768 lustinus,
2025 3672 2090 3747 sed

558 3776 790 3852 essentialem
827 3777 1012 3850 humanae
1046 3776 1192 3850 animae
1228 3776 1276 3850 acl
1315 3778 1479 3851 (livinum
1516 3777 1630 3879 logon
1663 3778 1896 3872 relationem,
1934 3774 2089 3850 eandem

558 3879 756 3974 rationem,
801 3906 910 3978 quam
953 3879 1016 3952 alii
1061 3879 1235 3953 ecclesiae
1280 3879 1464 3975 doctores,
1506 3880 1821 3957 accommodatam
1865 3879 1914 3953 ad
1958 3877 2090 3952 Sacrae

558 3979 767 4082 Scripturae
794 3981 1009 4076 dictionem,
1039 3981 1132 4054 inter
1153 3982 1273 4055 Deum
1300 3997 1335 4056 et
1361 3982 1568 4076 hominem,
1596 3982 1643 4055 ad
1669 3980 1963 4081 imaginemDei
1990 4004 2089 4052 crea-

557 4098 656 4180 tum,
683 4111 762 4159 esse
790 4084 991 4158 voluemnt.

666 4426 700 4492 2)
723 4424 759 4481 cf.
783 4423 944 4496 banchor,
967 4426 1068 4503 Apoll.
1091 4446 1168 4484 saec.
1192 4426 1235 4485 11.
1259 4427 1297 4485 de
1321 4428 1422 4487 esstlb.
1448 4448 1475 4485 n.
1497 4427 1526 4486 h.
1549 4434 1638 4505 partt.
1662 4425 1687 4496 l,
1712 4445 1741 4503 p.
1767 4426 1815 4483 14.

666 4511 698 4585 3)
722 4510 811 4588 Apol.
835 4510 860 4569 1.
884 4532 907 4569 c.
932 4514 982 4571 32.
1006 4532 1034 4590 p.
1060 4513 1149 4572 7413.

664 4596 697 4672 4)
722 4596 758 4654 ef.
781 4598 870 4675 Apol.
894 4597 937 4669 Il,
961 4617 986 4656 c.
1009 4601 1037 4657 8.
1059 4619 1089 4678 p.
1113 4600 1217 4673 46D3
1239 4618 1263 4657 c.
1288 4601 1337 4657 10.
1360 4618 1390 4676 p.
1413 4602 1453 4659 48
1473 4598 1543 4675 1303
1566 4621 1590 4658 e.
1615 4603 1664 4660 13.
1687 4616 1715 4674 p.
1740 4596 1776 4655 51
1804 4594 1860 4654 OD
1883 4594 1964 4652 alibi.

665 4685 698 4760 5)
723 4684 813 4763 Apol.
835 4683 884 4754 ll,
916 4705 943 4742 c.
969 4688 1007 4745 13
1041 4706 1070 4764 p.
1092 4688 1130 4745 51
1158 4686 1204 4744 D:
1235 4684 1264 4745 oi
1284 4685 1343 4761 γὰρ
1365 4692 1540 4768 συγγραφεῖς
1569 4685 1671 4760 πάντες
1700 4680 1752 4742 διὰ
1775 4686 1821 4757 τῆς
1843 4677 1963 4757 ἐνούσης
1984 4677 2083 4763 ἐμφο-

558 4792 606 4830 τοο
631 4773 678 4830 τοῦ
703 4771 794 4850 λόγου
818 4773 930 4847 σπορᾶς
953 4767 1095 4854 ἀμυδρῶς
1118 4770 1255 4833 ἐδύναντο
1279 4769 1354 4850 ὁρᾶν
1376 4771 1409 4833 τὰ
1433 4773 1512 4833 ὄντα.
1562 4772 1680 4850 Ἕτερον
1701 4769 1759 4847 γάρ
1789 4765 1848 4829 ἐστι
1871 4772 1986 4848 σπέρμα
2009 4766 2084 4840 τινος

556 4862 606 4915 acl
628 4863 749 4937 μίμημα
772 4856 844 4919 κατὰ
867 4855 993 4937 δύναμιν
1015 4854 1124 4931 δοθέν,
1159 4866 1210 4919 καὶ
1240 4860 1335 4937 ἔιερον
1365 4857 1435 4921 αὐτὸ
1458 4852 1493 4921 oi
1524 4858 1596 4920 κατὰ
1615 4860 1703 4939 χάριν
1726 4854 1774 4930 τὴν
1796 4852 1853 4915 du>
1878 4852 1986 4916 ἐκείνου
2009 4852 2083 4931 irpe-

557 4950 656 5003 νοσσία
678 4951 728 5005 καῖ
749 4952 872 5025 μίμησις
892 4951 1007 5025 γίνεται.

666 5032 698 5106 6)
725 5031 813 5109 Apol.
838 5032 889 5106 11,
913 5053 937 5092 e.
958 5034 978 5092 8
1003 5052 1031 5111 p.
1055 5034 1095 5091 46
1114 5032 1158 5105 B,
1180 5053 1205 5090 o.
1232 5035 1272 5089 10
1295 5051 1323 5109 p.
1348 5032 1389 5089 18
1414 5028 1478 5090 OD.

2226 781 2243 820 a
