5034 6084
1286 652 1335 722 47

552 854 719 927 omnium
739 878 861 927 rerum
886 852 925 924 in
952 878 991 925 se
1015 852 1173 925 invicem
1197 850 1449 926 conversionis
1482 866 1519 926 et
1543 877 1608 951 per
1636 866 1842 952 temporum
1875 854 1973 929 vices
1999 882 2081 930 eve-

553 955 682 1047 niens,
710 954 774 1030 sed
794 981 817 1027 a
832 955 910 1028 Deo
937 954 1054 1048 iussa,
1079 968 1121 1026 ut
1145 979 1262 1025 novus
1288 978 1411 1027 rerum
1435 953 1585 1028 exsistat
1611 969 1734 1050 stans,
1761 955 1801 1028 in
1827 982 1899 1054 quo
1922 958 2082 1032 maxima

552 1058 598 1130 iis
620 1058 684 1156 qui
711 1057 858 1130 Christo
883 1056 997 1130 fidem
1023 1055 1210 1130 habebant
1243 1055 1312 1128 erit
1347 1055 1534 1129 beatitudo
1570 1056 1717 1155 vitaque
1750 1062 1963 1158 aeterna1).
2013 1058 2080 1133 Ju-

552 1159 647 1232 stiuo
674 1159 900 1253 simillimus,
923 1158 963 1231 id
987 1172 1028 1232 ut
1049 1158 1125 1231 iam
1149 1157 1221 1230 hoc
1246 1157 1329 1231 loco
1359 1156 1516 1252 addam,
1556 1157 1667 1232 etiam
1699 1159 1876 1233 Tatianus
1910 1186 2080 1235 (nusum-

552 1260 750 1335 mationem
786 1260 951 1334 omnium
988 1286 1111 1335 rerum
1145 1259 1226 1333 fore
1259 1257 1433 1353 docebat,
1470 1258 1569 1333 idem
1608 1261 1708 1358 quod
1742 1260 1911 1337 Justinus
1942 1264 2081 1338 faciens

551 1362 769 1458 discrimen,
795 1363 890 1437 iuter
915 1388 1020 1436 suam
1051 1362 1064 1435 i
1092 1361 1166 1435 sius
1200 1374 1236 1435 et
1269 1359 1475 1435 Stoicorum
1510 1360 1556 1436 de
1590 1362 1720 1436 mundi
1755 1364 1828 1437 fine
1862 1364 2079 1439 doctrinam.

551 1465 649 1538 Nam
688 1466 779 1539 haec
809 1464 941 1537 mundi
982 1389 1221 1565 condemno
1263 1489 1374 1561 quam
1408 1488 1602 1563 corporum
1642 1466 1860 1539 resurrectio
1900 1484 2078 1566 sequetur,

551 1593 627 1641 uon
653 1584 694 1639 ut
718 1566 831 1641 Stoici
864 1568 991 1640 volunt
1022 1566 1134 1640 variis
1167 1565 1395 1665 temporibus
1423 1566 1590 1658 iteratur,
1625 1566 1757 1641 iisdem
1792 1567 1902 1641 rebus
1936 1597 2079 1670 semper

552 1669 785 1743 nascentibus
831 1685 867 1743 et
907 1668 1163 1769 pereuntibuS,
1205 1666 1271 1742 sed
1306 1667 1417 1741 semel
1456 1668 1608 1742 saeculis
1651 1668 1786 1742 nostris
1826 1670 2004 1745 absolutis
2045 1689 2080 1746 et

550 1770 703 1844 omnino
736 1771 888 1843 nonnisi
922 1769 1048 1843 iudicii
1080 1770 1274 1843 homiuum
1305 1794 1435 1842 caussa
1453 1772 1497 1867 2).
1558 1770 1787 1870 Theophilus
1818 1788 1948 1847 contra
1979 1768 2079 1871 quod

550 1871 598 1945 ad
624 1871 951 1973 conflagrationem
976 1870 1104 1945 mundi
1131 1872 1300 1964 attineat,
1324 1870 1494 1969 antiquos
1520 1882 1649 1971 po‘e‘tas
1682 1887 1718 1947 et
1742 1872 1984 1974 philosophos
2012 1903 2079 1948 no-

551 1976 664 2049 lentes
703 1975 866 2049 voleutes
900 1974 1106 2048 consentire
1139 1999 1222 2047 cum
1258 1972 1466 2073 prophetis,
1503 1974 1625 2048 miuus
1659 1990 1826 2049 accurate
1868 1976 1974 2071 dicit,
2014 1979 2078 2052 sed

550 2102 664 2175 quum
699 2078 812 2150 multo
851 2076 1013 2151 iuniores
1054 2076 1147 2171 sint,
1180 2102 1225 2149 ex
1258 2075 1340 2175 lege
1379 2090 1415 2149 et
1448 2075 1637 2176 prophetis
1675 2103 1738 2151 eos
1773 2078 1966 2152 suffuratos
1999 2108 2077 2153 esse

550 2179 757 2274 doctrinas,
784 2205 875 2276 quas
896 2178 1161 2279 profitebantur
1176 2179 1219 2277 ὅ).

664 2278 738 2355 Sed
763 2294 804 2354 ut
836 2280 1029 2355 redeamus
1056 2280 1103 2353 ad
1127 2280 1266 2355 Justini
1288 2280 1486 2354 sententias
1514 2307 1605 2379 quas
1641 2280 1752 2353 aliam
1785 2282 1895 2354 etiam
1927 2283 1968 2356 in
1994 2312 2076 2383 par—

549 2398 624 2456 tem
650 2382 831 2457 illustrare
858 2382 1052 2475 debemus,
1088 2382 1313 2481 antiquiores
1340 2382 1488 2481 quidem
1515 2382 1648 2457 eruditi
1675 2382 1888 2482 saepissime
1920 2384 2076 2461 addubi-

551 2485 699 2580 tabant,
732 2493 800 2557 nos
835 2511 921 2559 vero
952 2484 1126 2583 Martyris
1188 2484 1306 2558 lacitis
1339 2484 1541 2558 accuratius
1576 2485 1792 2583 exploratis,
1828 2512 1966 2587 negare
2001 2516 2077 2561 non

549 2613 761 2686 possumus,
789 2587 953 2660 divinam
979 2613 1063 2661 euru
1085 2511 1240 2662 triadem
1267 2587 1485 2687 cognovisse
1514 2602 1550 2661 et
1575 2586 1761 2682 docuisse,
1796 2591 2011 2687 praesertim
2039 2591 2077 2663 in

494 2703 497 2710 '
549 2689 612 2762 illo
640 2689 721 2763 loco
747 2687 814 2761 ubi
836 2687 884 2761 ad
910 2688 1166 2788 baptismalem
1190 2689 1388 2763 formulam
1413 2716 1437 2762 a
1462 2688 1611 2763 Christo
1633 2688 1835 2762 institutam
1868 2693 2077 2792 respiciens,

553 2791 720 2865 homines
746 2790 837 2864 dicit
859 2790 1040 2890 baptizari
1065 2790 1105 2864 in
1129 2792 1281 2865 nomine
1301 2791 1415 2891 patris
1441 2806 1672 2886 cunctorum,
1697 2791 1738 2865 in
1762 2792 1913 2869 nomine
1928 2794 2076 2889 Christi,

553 2892 716 2966 crucifixi
742 2892 810 2966 sub
835 2891 967 2966 Pontio
994 2891 1132 2988 Pilato,
1156 2907 1191 2967 et
1217 2893 1256 2965 in
1282 2892 1433 2967 nomine
1458 2891 1616 2992 Spiritus
1640 2892 1783 2987 Sancti,
1808 2895 1872 2992 qui
1893 2923 1959 2996 per
1991 2925 2077 2997 pro·

553 2995 681 3094 phetas
706 2995 831 3088 omnia
856 2994 905 3067 ad
929 2993 1056 3069 desum
1085 2993 1287 3093 spectantia
1311 2994 1622 3094 praenuntiaverit
1635 2995 1688 3093 4),
1724 3010 1759 3069 et
1796 2994 2077 3072 Christianosa

554 3096 708 3171 crimine
751 3096 922 3171 atheismi
962 3095 1181 3191 defendens,
1219 3121 1283 3170 eos
1323 3095 1512 3171 contendit
1546 3111 1691 3196 praeter
1718 3096 1836 3172 Deum
1871 3115 1906 3173 et
1934 3116 2075 3199 patrem

552 3199 717 3272 omnium
743 3198 1080 3298 circumscriptione
1105 3198 1284 3273 maiorem
1308 3198 1417 3273 etiam
1443 3197 1572 3273 Jesuur
1604 3198 1795 3272 Christum
1828 3216 1869 3281 ut
1902 3203 1979 3276 veri
2007 3203 2077 3278 Dei

547 3302 664 3375 filium
692 3302 853 3375 secundo
878 3301 959 3375 loco
982 3301 1135 3396 habere,
1169 3300 1337 3400 spiritum
1364 3300 1620 3401 propheticum
1653 3300 1760 3375 tertio
1786 3300 1868 3378 loco
1893 3305 2012 3381 colere
2034 3307 2075 3406 ⁵).

548 3403 798 3478 Nihilominus
818 3403 947 3504 negari
967 3429 1043 3476 non
1060 3402 1211 3503 poterit,
1235 3402 1336 3478 haud
1351 3418 1519 3478 accurate
1536 3417 1571 3477 et
1592 3403 1746 3477 firmiter
1764 3430 1847 3478 eum
1874 3405 2077 3483 distinctio·

471 3520 473 3523 ⁴
546 3532 632 3580 uem
658 3506 753 3580 iuter
770 3505 936 3605 spiritum
965 3520 1129 3579 sanctum
1153 3518 1188 3579 et
1208 3506 1322 3605 logon
1347 3506 1517 3601 tenuisse,
1544 3504 1658 3578 immo
1686 3505 1899 3604 saepissime
1924 3536 2078 3584 munera

547 3608 689 3705 utrique
715 3607 866 3705 propria
892 3606 1118 3703 confudisse,
1152 3607 1203 3680 ita
1228 3621 1269 3681 ut
1293 3606 1613 3680 consecutionibus
1638 3634 1722 3682 vere
1749 3610 1919 3705 servatis,
1954 3612 1993 3685 iu
2023 3613 2076 3686 lo-

545 3735 628 3783 cum
654 3708 783 3782 triadis
797 3708 889 3807 dyas
908 3709 1089 3806 quaedam
1109 3733 1321 3784 successura
1337 3725 1441 3783 esset
1494 3708 1617 3799 Quum
1638 3710 1737 3783 enim
1762 3710 1911 3810 spiritus
1929 3731 2075 3787 sanctus

546 3810 748 3888 secundum
773 3809 1010 3884 christianam
1031 3810 1143 3886 fidem
1166 3810 1370 3911 complexio
1395 3811 1441 3884 sit
1466 3810 1612 3886 divinae
1636 3811 1741 3907 vitae,
1754 3812 1926 3887 humano
1945 3818 2072 3915 generi

546 3912 798 4006 immanentis,
824 3912 1011 3986 vinculum
1035 3913 1126 3986 illud
1150 3939 1223 4011 quo
1247 3912 1418 3987 homiues
1452 3913 1501 3987 ad
1539 3914 1837 3988 communionem
1873 3941 1956 3989 cum
1992 3918 2071 3992 Deo

544 4032 647 4118 patre
669 4042 735 4115 per
760 4015 872 4115 logon
899 4015 1058 4090 revelato
1084 4014 1373 4115 coniungantur,
1398 4015 1491 4091 haee
1517 4043 1610 4114 quae
1636 4016 1787 4115 propria
1812 4032 1897 4091 suut
1923 4019 2071 4120 spiritus

546 4118 679 4213 sancti,
707 4144 751 4192 ex
777 4116 914 4190 Justini
941 4117 1128 4192 sententiis
1154 4118 1230 4189 iarn
1261 4116 1310 4192 ad
1345 4118 1466 4217 ipsum
1498 4119 1613 4217 logon
1647 4117 1862 4192 seminalem
1897 4123 2076 4196 translata

545 4237 639 4296 suut
692 4220 817 4316 ltaque
842 4246 1022 4316 nusquam
1049 4219 1196 4319 spiritus
1224 4234 1371 4294 sanctus
1396 4220 1448 4292 ita
1474 4219 1645 4294 delinitus
1671 4233 1743 4314 est,
1776 4236 1815 4293 ut
1840 4222 1918 4295 eius
1940 4239 2072 4298 natura

655 4473 685 4547 1)
711 4472 799 4549 Apol.
822 4471 836 4527 l
860 4492 884 4528 c.
908 4472 948 4529 45
974 4490 1001 4546 p.
1026 4470 1076 4527 82.
1121 4469 1168 4527 De
1191 4478 1347 4528 resurrect.
1370 4489 1394 4526 c.
1420 4474 1446 4527 1.
1781 4495 1784 4500 ·

652 4562 683 4631 2)
708 4557 759 4617 Or.
782 4556 819 4616 ad
845 4556 898 4616 Gr.
921 4548 947 4615 oss
971 4560 989 4614 6
1013 4576 1041 4632 p.
1067 4558 1127 4614 145
1152 4557 1188 4614 D.
1211 4577 1236 4614 c.
1260 4559 1301 4615 13
1326 4576 1353 4633 p.
1379 4559 1440 4615 152
1460 4554 1494 4615 C.
1518 4578 1542 4615 c.
1567 4561 1605 4617 25
1629 4579 1658 4637 p.
1684 4563 1745 4619 162
1769 4566 1804 4620 b.

653 4648 682 4723 3)
705 4646 754 4703 Ad
778 4644 879 4702 Autol.
904 4643 945 4714 ll,
968 4664 992 4699 c.
1016 4645 1053 4701 37
1078 4662 1107 4720 p.
1134 4644 1215 4701 378:
1248 4644 1264 4717 ἢ
1286 4648 1422 4721 καὶπερὶ
1444 4639 1635 4721 ἐκπυρώσεως
1664 4647 1778 4724 κόσμου
1802 4649 1936 4719 utiense
1958 4655 2007 4707 κιιῑ
2029 4652 2069 4725 μὴ

544 4733 678 4803 θέλοντες
702 4729 856 4793 ἀκόλουθα
884 4726 997 4800 ἐξεῖπον
1019 4733 1076 4800 τοῖς
1098 4728 1260 4809 προφήταις
1282 4735 1384 4809 καίπερ
1406 4729 1479 4788 πολὺ
1501 4738 1732 4812 μειαγενέστεροι
1753 4733 1906 4811 γενόμενοι
1929 4741 1979 4793 καὶ
2001 4738 2068 4796 xu-

472 4815 476 4822 ’
546 4835 648 4897 pavire
670 4821 754 4879 ταῦτα
778 4816 809 4877 ἐκ
831 4817 925 4893 νόμου
947 4820 997 4875 καὶ
1017 4818 1072 4873 τῶν
1093 4817 1257 4896 προφητῶν.
1281 4823 1331 4875 καὶ
1352 4822 1380 4876 τί
1397 4815 1456 4894 γὰρ
1479 4815 1523 4891 ἥτε
1543 4818 1659 4898 ἔσχατοι
1682 4820 1699 4894 ἢ
1720 4828 1770 4880 καὶ
1791 4824 1902 4900 requiror
1920 4819 2051 4899 ἐγένοντο
2062 4850 2072 4896 ,·

544 4903 618 4980 πλὴν
640 4906 684 4965 ὅτι
705 4908 776 4982 γοῦν
799 4910 848 4964 καῖ
869 4900 952 4962 udrol
974 4899 1132 4961 ἀκόλουθα
1155 4907 1214 4976 τοῖς
1237 4902 1398 4983 προφήταις
1421 4903 1508 4962 εἶπον.

651 4993 684 5068 4)
709 4992 799 5070 Apol.
822 4992 845 5063 l,
868 5012 892 5049 c.
917 4994 953 5049 61
981 5009 1010 5067 p.
1035 4989 1075 5046 94
1098 4987 1167 5048 ΒΕ.

651 5080 683 5153 5)
709 5078 797 5157 Apol.
822 5076 847 5144 Ι,
870 5097 893 5136 c.
913 5079 952 5136 13
977 5098 1006 5154 p.
1021 5077 1062 5135 60
1079 5074 1151 5145 Dra
1172 5074 1200 5166 l,
1224 5078 1283 5133 c.6
1308 5094 1335 5152 p.
1353 5074 1393 5132 56
1413 5075 1446 5135 C.
1492 5077 1528 5135 V.
1544 5075 1677 5136 Semiseh
1701 5075 1751 5134 l.l.
1774 5075 2073 5154 11,pp.3oo-33a
