5034 6084
1285 670 1359 747 ’29

668 873 741 949 Sed
764 901 878 974 quum
904 879 1164 979 Athenagoras
1197 860 1380 974 nusquam
1408 879 1544 978 apertis
1575 879 1698 954 verbis
1724 877 1770 954 de
1788 875 1866 953 ¹hac
1891 906 1932 954 re
1956 879 2113 955 disserat

565 976 730 1075 nihilque
758 980 917 1080 amplius
942 981 1041 1055 dicat
1066 980 1112 1055 de
1134 979 1249 1079 patris
1272 1004 1356 1054 cum
1377 980 1453 1054 filio
1478 981 1655 1056 relatione
1675 980 1749 1055 uisi
1772 997 1913 1082 patrem
1935 982 2110 1059 etlilium

564 1106 646 1154 esse
670 1105 785 1153 unum
808 1081 997 1183 idemque,
1030 1096 1066 1157 et
1091 1108 1205 1181 quum
1229 1094 1333 1182 pater
1359 1082 1467 1156 sitin
1492 1084 1588 1179 filio,
1626 1083 1725 1157 filius
1748 1083 1787 1156 in
1810 1099 1930 1184 patre,
1970 1084 2108 1160 unitate

564 1197 600 1257 et
621 1182 786 1281 potentia
810 1184 976 1284 spiritus,
1012 1184 1130 1259 filiurn
1154 1183 1224 1257 Dei
1251 1210 1331 1258 esse
1356 1199 1516 1259 mentem
1542 1199 1579 1260 et
1604 1184 1718 1287 logon
1742 1187 1877 1286 patris,
1904 1187 1943 1260 in
1968 1187 2107 1261 incerto

564 1283 821 1382 relinquimur,
855 1287 1041 1385 quomodo
1072 1284 1276 1361 accuratius
1303 1285 1404 1359 illam
1438 1287 1653 1362 relationem
1678 1287 1793 1388 patris
1824 1313 1908 1362 cum
1934 1290 2020 1389 logo
2045 1314 2106 1362 co-

561 1385 731 1485 gitemus.
792 1386 915 1477 Quum
938 1416 1050 1490 porro
1076 1415 1260 1487 nusquam
1294 1401 1432 1461 certum
1459 1389 1646 1488 quoddam
1672 1402 1817 1489 tempus
1843 1390 1995 1487 indicet,
2033 1418 2106 1489 quo

562 1486 659 1562 lilius
683 1515 728 1562 ex
753 1504 856 1588 patre
881 1491 1068 1591 prodierit,
1095 1491 1218 1589 neque¹
1239 1490 1379 1584 doceat,
1414 1491 1600 1588 quomodo
1627 1492 1844 1592 hypostasin
1871 1493 1937 1567 filii
1964 1494 2102 1592 cogita-

561 1590 663 1685 verit,
686 1589 854 1690 spiritum
880 1608 1045 1668 sanctum
1067 1619 1153 1668 vero
1179 1592 1217 1667 in
1241 1591 1431 1692 prophetis
1457 1593 1650 1689 efficacem,
1677 1593 1901 1668 effluentiam
1927 1596 1997 1669 Dei
2025 1622 2105 1670 esse

561 1691 677 1788 dicat,
714 1709 945 1769 emanantem
983 1709 1018 1770 et
1053 1694 1266 1770 redeuutem
1301 1694 1400 1769 velut
1424 1695 1568 1768 radium
1591 1694 1682 1768 lucis
1699 1695 1747 1794 ¹),
1785 1698 1908 1771 neseio
1942 1725 1991 1770 an
2017 1696 2105 1771 inde

561 1809 656 1869 recte
682 1794 840 1897 intelligi
863 1798 996 1896 possit,
1033 1811 1155 1882 utrum
1180 1797 1359 1871 rationem
1395 1798 1491 1871 inter
1516 1798 1630 1897 logon
1657 1811 1693 1871 et
1718 1811 1860 1898 patrem
1895 1798 2104 1897 similique

560 1895 656 1970 inter
682 1896 849 1996 spiritum
877 1914 1044 1974 sanctum
1067 1913 1103 1975 et
1126 1912 1268 1997 patrem
1295 1898 1491 1973 crediderit
1514 1900 1644 1996 modo,
1671 1924 1798 1974 necne.

661 1999 732 2072 Oui
758 1999 889 2074 similis
911 2001 1089 2076 dubitatio
1113 2016 1167 2075 est
1190 2000 1310 2095 nobis,
1340 2000 1486 2074 'Patiani
1508 2001 1714 2080 doctrinam
1738 2002 1784 2078 de
1802 2000 1939 2102 Spiritu
1955 2003 2102 2097 Sancto,

558 2100 661 2173 cuius
695 2102 920 2177 mentionem
973 2118 1073 2179 ostea
1102 2104 1246 2204 plenius
1272 2103 1468 2198 faciemus,
1506 2105 1712 2178 accuratius
1746 2104 1937 2203 exquirere
1963 2129 2101 2178 conan-

558 2200 667 2275 tibus.
730 2201 906 2302 Spiritnm
933 2130 1108 2280 §aarum
1145 2203 1244 2303 quod
1278 2230 1299 2279 e
1333 2205 1424 2279 locis
1451 2204 1672 2304 quibusdam
1704 2206 1822 2282 obiter
1845 2219 1987 2280 tanturn
2020 2233 2102 2306 spe-

559 2303 664 2377 ctatis
691 2304 887 2379 Tatianum
924 2308 1111 2403 statuisse,
1140 2335 1209 2409 pro
1243 2319 1341 2381 certo
1366 2307 1560 2403 habueris,
1593 2309 1703 2408 plane
1737 2309 1837 2384 idern
1865 2307 1963 2408 quod
1990 2313 2103 2403 λόγον

557 2431 634 2478 non
657 2432 754 2502 esse,
793 2407 857 2482 sed
883 2416 944 2481 τὸν
966 2414 1134 2485 διάκονον
1157 2417 1218 2484 τοῦ
1240 2411 1466 2492 πεπονθότος
1491 2413 1585 2484 θεοῦ
1598 2415 1651 2509 2),
1689 2416 1889 2510 πρεσβεῦον
1912 2418 2054 2505 πνεῦμα
2068 2414 2099 2511 ³)

556 2508 796 2604 nominatum,
824 2511 919 2587 bene
941 2513 1162 2615 distinguis
1188 2518 1308 2611 λόγῳ,
1346 2513 1433 2587 satis
1456 2512 1532 2586 iam
1558 2541 1580 2587 a
1607 2513 1697 2587 viris
1729 2514 1847 2588 doctis
1872 2513 2100 2588 demonstra-

554 2623 633 2681 tum
659 2624 723 2685 est
783 2612 899 2712 quue
934 2642 978 2690 ex
1012 2616 1180 2690 doctrina
1207 2616 1355 2691 Tatiani
1390 2617 1594 2689 accuratius
1628 2617 1822 2715 explanata
1854 2617 1935 2691 luce
1965 2617 2099 2690 clarius

461 2737 465 2744 '
553 2712 726 2810 patescit,
767 2711 942 2814 Spiritum
977 2716 1150 2793 Sanctum
1184 2719 1264 2794 Deo
1300 2718 1461 2816 perfecto
1495 2719 1545 2791 ita
1581 2718 1833 2813 subordinari,
1873 2735 1912 2792 ut
1942 2717 2099 2818 Spiritus

557 2831 689 2888 natura
714 2815 862 2892 divinus
889 2821 1078 2915 habeatur,
1106 2847 1200 2920 quae
1220 2819 1363 2896 medias
1389 2820 1569 2917 quasdam
1588 2821 1684 2895 inter
1701 2821 1820 2895 Deum
1846 2819 2099 2920 mundumque

557 2917 782 2991 materialem
818 2937 970 3022 occupet
997 2937 1139 3021 partes,
1181 2948 1221 2997 re
1257 2949 1345 2997 vera
1377 2939 1498 2995 autem
1536 2920 1684 2997 divinae
1718 2922 1765 2995 sit
1797 2923 1976 2997 essentiae
2009 2937 2045 2998 et
2076 2950 2100 2995 a

556 3020 696 3092 mundo
724 3024 904 3097 materiali
929 3051 1080 3124 prorsus
1106 3024 1288 3124 discrepet
1303 3024 1346 3124 4).
1399 3023 1523 3113 Quare
1553 3023 1639 3098 licet
1661 3050 1845 3123 nusquam
1872 3024 2027 3099 disserat
2053 3024 2099 3099 de

556 3120 709 3216 ratione,
737 3148 810 3220 qua
836 3126 984 3226 spiritns
1011 3126 1081 3201 Dei
1106 3154 1289 3200 summum
1310 3127 1466 3225 attingat
1487 3127 1618 3222 Deum,
1653 3125 1700 3201 de
1725 3126 1913 3226 utriusque
1939 3127 2098 3203 interae

553 3223 747 3321 relatione,
785 3241 945 3304 attamen
970 3229 1035 3305 ubi
1061 3230 1254 3329 aliquoties
1281 3228 1457 3330 Spiritum
1482 3255 1503 3303 e
1525 3234 1627 3326 λόγῳ
1653 3228 1823 3328 pendere
1842 3228 1956 3325 dicat,
1993 3230 2096 3303 illam

553 3325 648 3400 inter
674 3328 793 3405 Deum
829 3330 1067 3432 spiritumque
1102 3332 1268 3406 divinum
1310 3332 1525 3406 relationem
1559 3330 1803 3406 emanationis
1836 3331 1971 3405 rationi
2006 3359 2096 3406 ana·

553 3428 678 3528 legam
705 3457 789 3506 eum
813 3434 1013 3532 cogitasse,
1042 3461 1116 3507 non
1144 3447 1198 3508 est
1223 3434 1323 3533 quod
1348 3433 1566 3508 dubitemus.

653 3531 685 3603 E
713 3535 846 3632 quibus
873 3534 1049 3609 doctrinis
1075 3562 1166 3632 quas
1192 3536 1437 3630 tractavimus,
1466 3562 1578 3634 quum
1606 3535 1680 3610 iam
1705 3538 1895 3630 elucescat,
1921 3555 2094 3636 quantam

553 3631 627 3704 vim
654 3633 835 3735 imprimis
860 3636 1096 3737 philosophia
1119 3638 1359 3712 alexandrina
1391 3637 1440 3711 ad
1466 3638 1685 3712 excolendas
1715 3639 1992 3739 apologetarum
2020 3640 2093 3713 dis-

552 3734 707 3833 ciplinas
724 3738 912 3833 habuerit,
939 3738 1103 3813 eiusdem
1130 3740 1354 3813 auctoritatis
1372 3738 1528 3839 vestigia
1553 3739 1592 3814 in
1619 3740 1762 3815 duabus
1787 3740 1869 3814 aliis
1892 3768 1983 3839 quas
2008 3769 2093 3842 pro-

464 3854 467 3861 '
551 3835 748 3914 fitebantur
772 3840 958 3935 doctrinis,
983 3843 1155 3941 persequi
1180 3841 1272 3938 licet,
1300 3842 1339 3915 in
1366 3842 1439 3914 illis
1463 3841 1601 3917 scilicet
1628 3870 1721 3942 quae
1748 3842 1794 3917 de
1820 3843 1964 3941 angelis
1985 3870 2093 3916 mun-

551 3937 663 4037 dique
689 3943 873 4017 creatione
898 3958 1023 4043 agunt.

654 4041 763 4132 Quod
790 4044 918 4119 attinet
949 4044 998 4118 ad
1021 4046 1084 4120 illa
1107 4046 1154 4122 de
1186 4048 1329 4149 angelis
1365 4048 1511 4123 decreta
1544 4073 1637 4146 quae
1664 4062 1808 4147 praeter
1839 4073 1956 4147 pauca
1981 4074 2092 4146 quae·

550 4141 636 4216 danr
662 4173 800 4247 magno
828 4162 1006 4222 concentu
1031 4162 1066 4223 et
1092 4174 1273 4224 consensu
1299 4150 1347 4225 ab
1375 4149 1578 4251 apologetis
1605 4148 1770 4249 exposita
1793 4163 1893 4246 sunt,
1930 4149 1993 4223 diu
2017 4149 2091 4224 ianr

663 4371 694 4444 1)
718 4376 811 4430 καίτοι
834 4377 883 4430 καὶ
906 4370 975 4431 οὔτὰ
1000 4371 1030 4432 τὸ
1055 4370 1189 4450 ἐνεργοῦν
1211 4379 1270 4446 τοῖς
1291 4371 1456 4453 ἐπιφωνοῦσι
1477 4377 1660 4453 προφητικῶς
1685 4371 1770 4449 ἅγιον
1790 4375 1904 4450 πνεῦμα
1926 4370 2091 4455 ἀπόρροιαν

548 4454 622 4515 εἶναι
644 4455 742 4538 φάμεν
764 4461 813 4517 τοῦ
835 4460 928 4530 θεοῦ,
960 4457 1104 4540 ἀπορρέον
1133 4466 1183 4519 καὶ
1210 4457 1467 4542 ἔποναφερόμενον
1497 4457 1537 4533 ὥς
1567 4457 1667 4519 ἀκτῖνα
1690 4457 1780 4534 ἡλίου.
1807 4494 1843 4502 ——
1897 4458 2004 4538 Suppl.
2032 4481 2086 4539 pro

550 4542 619 4600 Chr.
649 4563 674 4600 c.
700 4549 739 4604 10
769 4563 798 4621 p.
821 4547 872 4603 48.
922 4545 959 4604 cf.
990 4566 1014 4604 o.
1040 4550 1082 4604 24
1110 4566 1139 4624 p.
1164 4548 1241 4606 124:
1275 4545 1422 4629 ἀπόρρονα
1454 4545 1494 4619 ὡς
1523 4551 1587 4628 φῶς
1618 4542 1677 4606 ἀπὸ
1709 4545 1801 4624 πυρὸς
1832 4543 1862 4605 rb
1891 4550 2015 4624 πνεῦμα.
2046 4582 2088 4591 -

549 4629 692 4688 Heinrich
716 4632 812 4689 Ritter
836 4630 914 4701 „Die
930 4633 1209 4692 Emanationslehre
1231 4635 1271 4691 irn
1288 4633 1487 4711 Uebergange
1511 4653 1565 4693 ans
1588 4632 1642 4693 der
1663 4632 1782 4691 alterth.
1805 4634 1835 4691 in
1857 4631 1885 4691 d.
1909 4634 1970 4691 chr.
1986 4634 2088 4692 Denlr·

548 4718 667 4775 weise“.
711 4716 813 4777 Goett.
859 4720 950 4779 1847,
995 4739 1024 4797 p.
1048 4720 1076 4778 5.

657 4804 689 4880 2)
714 4824 756 4862 or.
777 4825 796 4863 a
819 4803 872 4863 Gr.
894 4826 920 4865 c.
946 4809 985 4865 13
1009 4825 1037 4883 p.
1063 4806 1175 4865 153A.

656 4892 688 4966 3)
713 4891 751 4950 ib.
774 4912 799 4950 c.
825 4894 874 4951 15.

656 4975 690 5055 4)
713 4978 750 5035 cf.
774 4979 916 5037 Dunclrer
939 4976 1137 5054 „Apologett
1168 4998 1226 5038 sec.
1248 4998 1325 5039 saec.
1350 4977 1388 5039 de
1412 4978 1562 5039 essential.
1593 4987 1652 5036 nat.
1679 4980 1758 5039 hnrn.
1783 4978 1918 5058 partibus
1942 4978 2087 5055 placita“.

546 5062 656 5121 Partis.
680 5063 721 5120 ΙΙ,
767 5062 868 5122 Goett.
906 5063 999 5123 1850.
1033 5083 1061 5140 p.
1085 5067 1114 5121 8.
