5034 6084
1246 643 1269 713 2

488 864 588 924 terea
614 846 815 920 christiana
842 843 888 919 de
904 842 1052 916 Christo
1080 842 1253 917 crucifixo
1280 844 1555 942 praedicatione
1581 843 1792 945 philosophi
1820 871 2020 945 omnesque

491 950 587 1023 illius
614 948 741 1023 aetatis
768 947 837 1020 viri
864 945 997 1020 eruditi
1023 945 1182 1019 maxime
1208 945 1499 1021 offendebantur.
1553 943 1677 1035 Quum
1704 975 1790 1021 vero
1818 946 1858 1019 in
1879 949 2021 1047 occulta

492 1068 527 1126 et
548 1052 708 1127 latebras
737 1075 775 1123 se
801 1048 980 1123 abderent
1007 1046 1209 1142 christiani,
1237 1046 1454 1147 Oedipodeo
1482 1075 1545 1123 eos
1570 1048 1626 1121 uti
1651 1049 1851 1123 concubitu
1878 1050 2021 1125 coenis-

493 1181 563 1252 que
583 1154 621 1225 in
649 1150 801 1225 modum
829 1149 1013 1249 Thyestae
1039 1149 1141 1248 pasci
1167 1176 1234 1249 pro
1262 1164 1360 1224 certo
1388 1149 1650 1225 affirmabatur.
1702 1150 1762 1225 Ad
1788 1178 1882 1249 quae
1909 1178 2020 1251 quum

492 1255 690 1349 accederet,
719 1251 819 1351 quod
844 1252 1094 1325 communium
1121 1277 1243 1324 rerum
1270 1252 1480 1352 gravissimi
1508 1277 1614 1325 casus
1640 1252 1704 1325 illa
1730 1267 1846 1328 aetate
1873 1254 2021 1328 creber»

495 1359 580 1432 rimi
625 1370 763 1451 essent,
799 1353 905 1428 facile
937 1353 1017 1428 fieri
1052 1352 1189 1451 potuit,
1225 1367 1266 1426 ut
1292 1354 1543 1453 superstitiosa
1568 1354 1762 1429 multitudo
1788 1355 1856 1427 has
1882 1382 2023 1454 poenas

495 1459 789 1534 Christianorum
817 1480 956 1550 caussa,
986 1454 1119 1553 quippe
1154 1454 1217 1552 qui
1243 1481 1312 1529 nec
1334 1456 1598 1551 sacrificarent,
1638 1480 1705 1529 nec
1731 1456 1821 1532 deos
1847 1483 1868 1529 a
1897 1456 2022 1531 civita-

497 1563 595 1635 tibus
626 1573 790 1658 receptos
824 1558 1002 1652 colerent,
1042 1584 1065 1629 a
1101 1554 1172 1629 diis
1213 1555 1397 1631 immissas
1430 1559 1651 1658 opinaretur.
1710 1558 1838 1657 ltaque
1862 1558 2025 1634 furorem

497 1662 739 1737 multitudinis
784 1659 954 1733 odiosum
1001 1658 1136 1755 diuque
1179 1659 1361 1732 occultum
1397 1659 1547 1735 tandem
1591 1686 1782 1759 erumpere
1824 1661 2026 1759 oportebat.

499 1766 569 1839 Cui
594 1762 709 1837 furori
736 1789 832 1836 nova
859 1761 1033 1834 alimenta
1060 1758 1348 1835 subiiciebantur
1374 1762 1510 1859 abiis,
1546 1762 1609 1860 qui
1635 1762 1855 1836 christianos
1881 1762 1935 1837 rei
1959 1790 2026 1862 pu-

498 1868 617 1942 blicae
653 1863 911 1939 infestissimos
943 1876 978 1936 ct
1003 1861 1230 1961 perniciosos
1252 1889 1332 1938 esse
1355 1864 1638 1939 contendebant.
1689 1863 1787 1939 Nam
1815 1890 1926 1963 quum
1950 1879 2026 1938 tota

500 1986 660 2044 votorum
689 1966 873 2040 civitatum
908 1963 999 2037 ratio
1026 1963 1184 2063 publicis
1208 1965 1322 2038 sacris
1344 1965 1537 2062 niteretur,
1565 1966 1647 2066 ipsa
1669 1993 1755 2040 vero
1783 1992 1887 2041 sacra
1913 1992 1935 2039 a
1960 1993 2026 2065 po·

500 2072 595 2173 pulis
634 2069 773 2143 sancita
800 2094 822 2140 a
849 2065 1059 2139 christianis
1091 2092 1158 2165 pro
1194 2065 1390 2141 diabolicis
1416 2069 1657 2163 haberentur,
1685 2068 1902 2169 religionem
1930 2067 2027 2141 chri-

502 2174 657 2248 stianam
682 2170 735 2245 rei
762 2167 942 2268 publicae.
957 2167 1201 2267 perniciosam
1229 2195 1308 2243 csse
1334 2170 1539 2269 putabatur.
1593 2169 1716 2261 Quum
1744 2197 1854 2270 porro
1869 2170 2028 2269 impera-

502 2294 598 2350 tores
621 2272 767 2348 ethuico
791 2296 894 2344 more
920 2269 1093 2344 colendos
1120 2295 1199 2344 esse
1222 2286 1411 2372 negarent,
1436 2272 1625 2346 Christum
1660 2286 1786 2346 contra
1812 2272 1914 2346 brevi
1939 2288 2029 2346 tern-

502 2404 591 2478 pore
624 2373 813 2448 interiecto
849 2372 898 2445 ad
924 2398 1062 2445 novum
1088 2398 1244 2471 regnum
1271 2373 1490 2474 erigendum
1523 2402 1567 2449 ex
1593 2374 1695 2448 coelo
1721 2373 1924 2449 rediturum
1952 2400 2031 2448 esse

503 2469 773 2579 profiterentur,
796 2474 888 2548 haec
911 2473 1037 2547 omnia
1062 2501 1107 2548 ex
1129 2474 1269 2547 caussis
1291 2475 1451 2574 politicis
1478 2476 1604 2574 reique
1624 2475 1793 2575 publicae
1809 2475 1949 2549 infestis
1969 2474 2031 2550 de-

504 2580 741 2655 ducebantur.
795 2574 870 2666 Qui
897 2576 1045 2675 quidem
1070 2575 1198 2675 poprdi
1224 2575 1327 2649 furor
1355 2578 1537 2651 eiusmodi
1565 2577 1884 2652 criminationibus
1910 2577 2032 2677 magis

504 2682 697 2782 magisque
728 2677 963 2753 exacerbatus
991 2677 1148 2775 denique
1175 2677 1214 2750 in
1250 2678 1522 2753 cruentissimas
1549 2679 1842 2754 Christianorum
1866 2705 2035 2779 persecu-

504 2785 623 2858 tiones
651 2781 777 2880 erupit
815 2825 849 2835 -κ

623 2890 750 2987 Itaque
783 2913 842 2961 res
880 2888 1079 2961 christiana
1105 2889 1256 2964 ulterius
1282 2917 1399 2989 usque
1425 2917 1623 2990 progressa
1648 2918 1760 2989 quum
1783 2918 1912 2965 ornnes
1939 2887 2062 2966 vitae'

508 2993 668 3067 rationes
695 3006 730 3065 et
763 2989 928 3089 singulos
963 3016 1127 3088 quosque
1150 2991 1338 3087 homines,
1364 2993 1404 3066 in
1432 2994 1511 3092 ipso
1540 3018 1623 3066 cum
1649 2993 1695 3067 iis
1722 2991 1942 3068 commercio
1967 3020 2034 3092 pro

508 3109 639 3168 natura
674 3120 739 3166 sua
772 3092 927 3192 agitaret
958 3105 993 3165 et
1026 3092 1206 3187 turbaret,
1246 3108 1282 3167 et
1319 3094 1420 3168 haud
1453 3095 1504 3168 ita
1537 3096 1652 3168 multo
1678 3110 1762 3195 post
1786 3111 1929 3168 tantum
1956 3095 2034 3169 eius

510 3210 734 3271 momentum
771 3208 883 3289 esset,
918 3208 957 3267 ut
988 3221 1110 3268 rerum
1144 3194 1374 3294 publicarum
1401 3223 1582 3269 summam
1608 3196 1647 3269 in
1672 3210 1786 3271 semet
1810 3210 2036 3271 converteret

509 3300 736 3396 multumque
761 3296 901 3395 negotii
927 3295 960 3370 ei
983 3296 1197 3393 facesseret,
1225 3324 1338 3395 quum
1358 3324 1469 3397 porro
1493 3297 1578 3373 licet
1603 3298 1740 3373 sensim
1762 3312 1798 3373 et
1813 3297 2035 3398 pedetentim

511 3401 650 3474 aditum
678 3399 749 3471 sibi
786 3398 1005 3497 patefaceret
1039 3398 1269 3498 evangelium
1297 3399 1345 3473 ad
1371 3400 1500 3499 populi
1525 3427 1687 3474 summos
1714 3400 1948 3497 eruditosque
1976 3427 2035 3472 or-

511 3504 635 3596 dines,
669 3527 754 3574 mox
782 3518 822 3573 ut
847 3527 870 3572 a
895 3500 1008 3574 literis
1032 3500 1328 3600 impugnaretur,
1370 3501 1456 3575 satis
1483 3501 1706 3576 auctoritatis
1732 3502 1766 3577 ei
1788 3502 1909 3576 inesse
1933 3500 2035 3576 vide-

511 3606 628 3680 batur.
682 3601 818 3691 Quales
845 3600 1141 3702 impugnationes
1164 3602 1386 3696 Frontonis,
1415 3603 1579 3700 Luciani,
1607 3602 1716 3700 Celsi,
1740 3604 1896 3678 aliorum
1923 3618 2036 3679 erant.

512 3705 655 3797 Quibus
683 3705 886 3778 contrariae
925 3703 1146 3778 christianae
1181 3704 1305 3780 literae
1331 3705 1475 3780 initium
1502 3733 1675 3806 prospere
1702 3706 1837 3781 cadens
1863 3706 2037 3781 fecerunt.

513 3806 815 3908 impugnationes
843 3805 941 3881 enim
964 3803 1198 3880 defensiones
1223 3808 1491 3906 provocabant,
1521 3835 1616 3907 quae
1642 3808 1744 3908 ipsae
1769 3808 1852 3882 fieri
1876 3834 1952 3880 non
1972 3833 2038 3905 po-

513 3925 633 3986 terant
654 3908 722 3981 nisi
753 3908 916 3983 refutatis
950 3907 1244 3982 adversariorum
1271 3908 1566 4009 discrepantibus
1593 3910 1792 4005 sententiis,
1820 3909 1893 3982 nisi
1919 3909 2038 4010 genti·

515 4013 604 4086 liunt
631 4011 789 4084 miseriis
815 4009 1004 4111 patefactis
1031 4024 1066 4083 et
1092 4011 1299 4084 enuntiatis.
1328 4009 1471 4112 Scripta
1494 4027 1640 4111 patrum
1664 4012 1949 4112 apostolicorum
1967 4012 2041 4084 iam

515 4114 616 4215 prius
642 4114 790 4210 quidem
816 4114 1004 4188 literarum
1031 4111 1356 4186 ecclesiasticarum
1383 4113 1528 4188 initium
1555 4116 1734 4209 fecerant3
1771 4112 1870 4212 quod
1897 4111 2042 4186 initium

514 4234 637 4290 tamen
665 4215 752 4313 quia
777 4229 927 4289 externa
951 4228 1092 4287 tanturn
1119 4213 1340 4288 biblicorum
1365 4217 1583 4315 scriptorum
1609 4216 1764 4290 imitatio
1801 4216 1930 4309 fuerat,
1958 4239 2038 4287 suo-

515 4343 655 4392 cessum
683 4315 862 4391 habuerat
881 4315 1034 4389 nullum.
1088 4315 1322 4416 Quantopere
1347 4344 1434 4392 vero
1461 4317 1697 4392 christianam
1715 4345 1793 4393 rem
1811 4319 1936 4417 vigere
1951 4342 2042 4414 opus

516 4433 603 4515 erat,
632 4420 663 4492 si
688 4418 768 4514 viri,
791 4431 867 4492 tota
893 4444 980 4493 suae
1004 4418 1131 4493 aetatis
1158 4418 1363 4494 eruditione
1388 4433 1423 4495 et
1448 4418 1616 4494 doctrina
1641 4420 1826 4516 instructi,
1852 4416 2042 4492 veritatem

516 4546 643 4595 recens
671 4522 857 4621 cognitam
882 4519 1015 4594 iisdem
1041 4522 1154 4594 armis
1169 4520 1368 4596 defendere
1394 4538 1638 4622 susceperunt,
1657 4522 1790 4621 quibus
1811 4546 1927 4617 usque
1949 4519 2040 4593 adeo
2118 4579 2120 4584 .

517 4622 565 4698 ad
591 4622 822 4723 evangelium
848 4622 1141 4722 impugnandum
1165 4623 1222 4696 usi
1248 4638 1354 4698 erant
1378 4623 1544 4724 gentiles.
1598 4624 1672 4716 Qui
1698 4623 1893 4722 scriptores
1917 4620 2043 4719 quanti

517 4724 654 4800 fuerint
686 4723 863 4798 momenti
898 4725 1018 4825 magis
1044 4724 1198 4825 patebit,
1233 4725 1264 4799 si
1287 4725 1326 4799 id
1351 4725 1649 4824 consideraveris,
1677 4725 1890 4826 apologetas
1916 4723 1964 4796 ad
1989 4750 2042 4819 ea,

519 4852 613 4926 quae
639 4825 709 4899 sibi
735 4842 1002 4926 proposuerant
1035 4827 1178 4900 facilius
1212 4827 1443 4927 impetranda
1470 4843 1615 4902 coactos
1642 4828 1764 4922 fnisse,
1799 4839 1838 4899 ut
1862 4825 1901 4898 in
1923 4825 2041 4899 ethni-

519 4954 645 5002 corum
670 4927 846 5003 doctrinis
872 4943 981 5027 atque
1007 4929 1211 5005 eruditione
1234 4929 1333 5003 unde
1361 4930 1432 5030 ipsi
1450 4930 1670 5005 christianae
1690 4928 1777 5004 fidei
1790 4927 2043 5003 defensionem

519 5029 737 5127 derivarent,
765 5046 989 5129 quaererent.
1043 5032 1170 5130 Itaque
1197 5032 1340 5107 etiamsi
1362 5032 1400 5105 in
1427 5032 1703 5133 apologetarum
1731 5030 1865 5107 saeculi
1893 5028 2043 5106 secundi
