5034 6084
1210 635 1259 705 48

356 926 359 932 ,
459 856 494 917 et
515 841 661 916 effectus
688 866 710 912 a
737 837 813 938 logi
840 851 972 912 natura
998 851 1033 912 et
1059 838 1187 913 effectu
1214 836 1418 910 accuratius
1454 836 1704 932 discernatur3
1747 862 1868 935 neque
1899 863 1993 910 non-

458 943 531 1017 nisi
559 940 826 1017 ecclesiasticae
852 939 897 1015 de
924 940 1083 1014 trinitate
1112 939 1239 1013 divina
1272 938 1451 1013 formulae
1474 939 1686 1013 anctoritate
1722 953 1945 1034 commotus,
1972 966 1995 1012 a

339 1051 348 1070 ”
460 1046 495 1118 lo
524 1072 546 1118 0
574 1042 784 1117 distinxisse
808 1040 968 1138 videtur,
1000 1042 1167 1142 spiritum
1193 1040 1470 1141 propheticum,
1513 1041 1616 1115 cuius
1652 1041 1869 1141 primarium
1902 1067 1995 1141 opus

460 1073 621 1222 celebrat
662 1144 923 1245 prophetarum
965 1144 1244 1244 inspirationem
1284 1157 1320 1217 et
1353 1143 1453 1217 dona
1487 1144 1691 1245 spiritualia
1725 1168 1808 1217 cum
1840 1143 1995 1218 ecclesia

461 1248 661 1323 christiana
696 1245 1019 1341 communicanda,
1056 1245 1223 1344 quamvis
1261 1244 1344 1318 aliis
1379 1245 1470 1318 locis
1509 1246 1587 1346 ipse
1620 1245 1728 1345 logos
1768 1272 1879 1344 quum
1918 1246 1993 1318 vim

461 1363 641 1426 exsereret
667 1348 706 1420 in
731 1348 992 1449 prophetarum
1017 1350 1161 1422 animos
1185 1346 1316 1421 eodem
1340 1374 1492 1422 munere
1519 1350 1664 1421 functus
1691 1347 1835 1421 dicitur.
1889 1345 1993 1436 Quae

461 1451 610 1550 quidem
652 1450 865 1549 imperfecta
904 1450 1110 1549 systematis
1144 1448 1347 1523 Justiniani
1391 1449 1484 1523 ratio
1530 1450 1730 1549 repetenda
1774 1448 1918 1523 videtur
1948 1476 1994 1524 ex

462 1553 672 1627 auctoritate
698 1551 870 1651 antiquae
896 1552 1171 1652 philosophiae,
1207 1550 1390 1650 imprimis
1416 1550 1562 1626 Stoicae
1588 1551 1823 1651 disciplinae,
1858 1550 1993 1651 quippe

462 1682 555 1754 quae
582 1656 695 1755 logon
716 1653 813 1729 idem
841 1680 920 1728 esse
947 1653 1103 1728 voluerit
1130 1653 1230 1752 quod
1257 1660 1399 1748 πνεῦμα
1426 1654 1548 1747 διῆκον
1574 1653 1617 1727 ‹t'
1643 1651 1731 1727 ὅλου
1756 1659 1816 1726 τοῦ
1841 1659 1992 1746 κόσμου.

576 1756 696 1847 Quam
724 1770 825 1829 arcta
851 1771 970 1831 autem
999 1755 1267 1830 necessitudine
1301 1756 1394 1831 haec
1427 1783 1449 1829 a
1482 1757 1592 1831 nobis
1627 1757 1791 1856 exposita
1824 1754 1871 1830 de
1905 1755 1993 1855 logo

461 1860 627 1933 doctrina
652 1883 740 1933 cum·
762 1858 834 1932 alia
861 1858 925 1932 illa
948 1857 1159 1932 Justiniana
1185 1858 1231 1932 de
1252 1858 1506 1933 essentialibus
1532 1860 1716 1933 humanae
1741 1872 1893 1932 naturae
1908 1885 1992 1957 par-

460 1961 558 2036 tibus
585 1961 754 2035 doctrina
780 1960 975 2034 coniuncta
1002 1959 1067 2054 sit,
1091 1959 1131 2032 id
1152 1960 1227 2033 iam
1254 1961 1371 2035 exiis
1398 1988 1492 2059 quae
1519 1960 1564 2035 de
1590 1960 1765 2059 Martyris
1797 1960 1994 2060 disciplina

461 2064 649 2161 hucusque
672 2063 956 2162 disputavimus,
997 2062 1131 2135 coniici
1163 2061 1314 2161 poterit,
1350 2063 1422 2137 nisi
1457 2063 1530 2136 iam
1565 2090 1609 2136 ex
1640 2063 1720 2162 ipsa
1759 2062 1993 2137 cohaerentia

443 2181 534 2264 *qua
560 2164 680 2240 Stoici
704 2164 751 2238 de
776 2163 980 2238 rationibus
1008 2164 1246 2239 seminalibus
1273 2178 1309 2239 et
1335 2164 1381 2240 de
1407 2165 1569 2239 hominis
1603 2178 1734 2238 natura
1759 2164 1993 2239 excoluerant

460 2267 617 2368 placita,
651 2293 807 2364 quorum
844 2266 875 2339 si
912 2267 1025 2341 altera
1058 2266 1351 2366 accipiebantur,
1386 2268 1500 2341 altera
1534 2293 1611 2340 non
1649 2266 1766 2339 omitti
1797 2265 1991 2341 debebant.

461 2368 586 2459 Quid?
613 2367 712 2466 quod
736 2369 832 2443 inter
858 2368 956 2442 viros
979 2368 1106 2443 doctos
1141 2382 1302 2464 constat,
1335 2368 1522 2442 Justinum
1557 2370 1597 2442 in
1629 2367 1699 2441 hac
1728 2368 1775 2442 de
1809 2369 1993 2442 humanae

460 2488 613 2545 naturae
639 2469 804 2570 partibus
831 2497 876 2545 ex
901 2469 1093 2544 Platonica
1118 2470 1278 2571 pendere
1306 2470 1491 2567 doctrina,
1520 2497 1629 2569 quam
1656 2477 1806 2544 secutus
1824 2484 1898 2544 tres
1925 2470 1992 2544 ho·

460 2574 571 2647 minis
595 2572 804 2648 essentiales
829 2587 951 2672 partes
977 2572 1233 2668 internoverit,
1262 2598 1414 2672 corpus,
1441 2574 1622 2668 animam,
1651 2572 1836 2672 spiritum:
1864 2572 1993 2670 inqua

462 2674 640 2750 sententia
665 2695 777 2772 quum
804 2701 932 2749 omnes
958 2675 1207 2769 consentiant,
1241 2675 1281 2747 in
1318 2701 1361 2749 eo
1393 2690 1534 2749 tautum
1569 2675 1664 2748 inter
1699 2702 1738 2749 se
1773 2674 1992 2774 discrepant,

461 2775 559 2851 unde
581 2775 679 2849 hanc
703 2777 922 2876 tripartitam
947 2790 1117 2851 naturam
1138 2776 1309 2850 traditam
1336 2778 1539 2877 acceperit,
1579 2790 1699 2851 utrum
1726 2804 1771 2850 ex
1797 2777 1877 2875 ipso
1904 2775 1989 2850 Pla-

461 2898 566 2973 tone,
605 2905 652 2951 an
689 2905 733 2952 ex
767 2878 942 2975 Philone,
981 2906 1027 2953 an
1066 2906 1110 2955 ex
1142 2879 1347 2952 notissimis
1386 2880 1459 2953 illis
1494 2879 1590 2953 Novi
1625 2878 1851 2953 Testamenti
1886 2879 1988 2952 locis.

462 2981 565 3072 Quae
591 2979 818 3054 eruditorum
844 2981 1005 3055 virorum
1034 2981 1213 3056 sententia
1238 2980 1376 3055 Justini
1400 2982 1515 3081 ipsius
1540 2982 1663 3057 verbis
1689 2981 1811 3054 fulciri
1835 2980 1987 3074 videtur,

462 3111 575 3182 quum
598 3082 637 3156 in
660 3083 868 3183 fragmento
896 3083 943 3158 de
962 3084 1226 3158 resurrectione
1251 3098 1325 3157 tres
1351 3098 1473 3183 partes
1499 3083 1662 3157 hominis
1685 3109 1905 3157 enumerans
1931 3082 1989 3155 in·

459 3201 644 3261 ternoscat
678 3211 828 3285 corpus,
869 3185 1048 3282 animam,
1093 3185 1279 3286 spiritum,
1314 3185 1532 3284 doceatque,
1566 3212 1699 3286 corpus
1728 3184 1877 3283 quidem
1910 3212 1990 3259 esse

463 3288 634 3383 mortale,
672 3286 838 3386 spiritum
873 3314 959 3361 vero
992 3287 1255 3362 immortalem:
1294 3301 1330 3361 et
1364 3287 1549 3387 quomodo
1582 3288 1727 3362 animae
1765 3286 1992 3361 domicilium

463 3389 509 3462 sit
533 3416 685 3489 corpus,
713 3389 762 3462 ita
790 3390 952 3463 animam
985 3417 1065 3465 esse
1099 3388 1327 3463 domicilium
1366 3389 1572 3489 spiritual).
1632 3389 1693 3462 Ad
1728 3416 1836 3488 quem
1871 3390 1992 3462 locum

463 3493 554 3564 alter
580 3491 743 3587 accedit,
779 3492 843 3590 qui
874 3492 913 3565 in
948 3491 1098 3592 Dialogi
1132 3516 1213 3564 cum
1243 3491 1446 3591 Tryphone
1479 3490 1623 3566 Judaeo
1662 3491 1812 3566 exordio
1847 3491 1991 3591 legitur,

463 3619 644 3692 quemque
677 3620 745 3692 pro
779 3593 1020 3668 illustratione
1055 3619 1137 3667 cum
1169 3593 1285 3693 priori
1320 3594 1404 3689 illo,
1439 3593 1551 3668 modo
1582 3592 1729 3668 laudato
1768 3593 1992 3695 coniungere

461 3722 667 3796 possumus.
720 3694 888 3769 Justinus
914 3696 1013 3770 enim
1040 3722 1164 3771 senem
1190 3721 1307 3793 aquo
1333 3695 1412 3795 ipse
1433 3695 1481 3769 ad
1505 3696 1744 3769 christianam
1770 3694 1882 3769 fidem
1903 3721 1991 3769 con·

377 3873 382 3884 ,
460 3825 587 3873 versus
619 3798 746 3894 fuerit,
783 3797 830 3871 de
861 3798 1134 3872 immortalitate
1175 3797 1321 3871 animae
1356 3824 1379 3871 a
1408 3798 1559 3872 numine
1595 3797 1721 3871 divino
1757 3796 1940 3898 pendente
1971 3826 1992 3872 e

463 3900 632 3974 doctrina
658 3899 860 3975 christiana
885 3898 1129 3999 disputantem
1158 3899 1317 3995 taciens,
1339 3900 1448 3974 etiam
1475 3900 1547 3973 hoc
1570 3901 1652 3974 loco
1675 3913 1748 3974 tres
1773 3898 1814 3972 in
1840 3899 1992 3974 homine

461 4017 583 4101 partes
609 4002 785 4077 discernit
814 4048 858 4060 -
885 4028 971 4075 nam
998 4002 1096 4076 senis
1123 4002 1341 4076 sententiam
1373 4002 1488 4101 ipsius
1518 4001 1657 4076 Justini
1690 4001 1880 4075 christiani
1907 4028 1991 4076 aen-

460 4105 612 4178 tentiam
636 4131 715 4179 esse
740 4105 823 4203 quis
849 4103 1017 4178 dubitet?
1043 4149 1092 4159 -
1123 4117 1232 4202 atque
1261 4105 1358 4179 inter
1391 4103 1558 4204 spiritum
1586 4119 1621 4178 et
1645 4103 1807 4177 animam
1835 4104 1991 4178 eandem

462 4235 541 4281 esse
568 4206 658 4281 dicit
683 4207 862 4281 rationem
891 4233 1001 4304 quam
1035 4206 1131 4282 inter
1164 4205 1328 4280 animam
1357 4219 1392 4280 et
1425 4230 1575 4305 corpus,
1613 4231 1682 4279 nec
1714 4206 1787 4279 nisi
1823 4206 1992 4306 spiritum

462 4317 515 4399 (τὸ
542 4317 700 4404 πνεῦμα)
724 4309 967 4382 immortalem
999 4335 1079 4383 esse
1104 4308 1218 4383 docet
1280 4307 1373 4382 Sunt
1405 4322 1525 4382 autem
1559 4307 1673 4382 verba
1706 4306 1843 4382 Justini
1879 4307 1989 4381 haec:

452 4411 496 4483 ‘ll
519 4420 617 4509 ψυχὴ
643 4412 716 4507 ἤτοι
742 4418 816 4505 ζωή
843 4413 934 4483 ἐστιν
959 4410 982 4506 ἢ
1007 4418 1102 4505 ζωὴν
1127 4413 1209 4503 ἔχει.
1270 4412 1317 4483 Εἰ
1344 4420 1412 4503 μὲν
1446 4407 1510 4483 οὖν
1543 4417 1617 4505 ζωή
1649 4412 1741 4483 ἐστιν
1767 4410 1860 4482 ἄλλο
1887 4437 1916 4481 τι
1946 4408 1991 4480 ἄν
2068 4477 2070 4481 .

461 4523 618 4609 ποιήσειε
654 4523 733 4611 ζῆν,
766 4512 831 4607 οὐχ
865 4511 1008 4607 ἑαυτήν,
1050 4512 1100 4595 (ὃς
1136 4522 1195 4586 καὶ
1235 4525 1369 4607 κίνησις
1408 4513 1500 4585 ἄλλο
1536 4542 1565 4584 τι
1601 4521 1752 4608 κινήσειε·
1790 4515 1936 4603 μᾶλλον
1971 4512 1991 4606 'l

570 4781 600 4850 1)
626 4774 659 4834 0.
686 4782 725 4837 10
755 4798 786 4855 p.
811 4777 916 4836 sats
947 4776 994 4835 ed.
1019 4778 1093 4835 Mar.
1127 4777 1258 4857 (Corpus
1280 4775 1381 4855 Apoll.
1412 4775 1459 4835 ed.
1490 4774 1563 4835 Otto
1593 4785 1664 4833 tom.
1687 4772 1746 4841 111,
1777 4792 1805 4851 p.
1831 4774 1891 4831 240
1915 4777 1989 4850 sq.):

459 4859 616 4934 ἀνάστασίς
637 4858 697 4921 ἔστι
721 4867 769 4923 τοῦ
792 4863 974 4937 πεπτωκότος
996 4869 1135 4944 oupxtov'·
1157 4867 1272 4944 πνεῦμα
1292 4860 1409 4942 ydpot'r
1430 4870 1536 4923 πίπτει.
1560 4858 1636 4940 ψυχὴ
1658 4856 1689 4919 ἐν
1710 4857 1827 4937 σώματί
1846 4855 1930 4929 ἔστιν,
1955 4855 1990 4918 οὗ

459 4944 814 5115 ξξςδέἰᾶπίἕνᾏὲἓμα
836 4953 928 5031 ψυχῆς
950 4949 1164 5025 ἀπολειπούσης
1188 4949 1240 5012 otia
1262 4950 1345 5010 ἔστιν.
1376 4949 1455 5022 οἶκος
1476 4947 1534 5029 γὰρ
1555 4947 1585 5008 τὸ
1609 4950 1698 5025 σῶμα
1720 4950 1826 5026 ψυχῆς,
1856 4946 1990 5023 metipsu-
