5034 6084
1214 661 1270 748 Ι61

493 845 593 947 ὕδωρ
622 851 752 919 λεπτὸν
773 842 873 928 ὅπως
908 852 945 919 τὸ
971 852 1039 939 μὲν
1062 850 1204 938 πνεῦμα
1235 857 1345 946 τρέφῃ
1380 851 1417 919 τὸ
1455 843 1574 946 ὕδωρ·
1615 849 1653 918 τδ
1684 847 1721 919 δὲ
1753 843 1851 946 ὕδωρ
1884 853 1948 920 σὺν
1974 854 2023 947 τῴ

493 958 668 1043 πνεύματι
694 962 803 1047 τρέφῃ
829 954 891 1045 τὴν
912 960 1024 1021 κτίσιν
1050 949 1298 1040 διικνούμενον
1321 956 1533 1041 πανταχόσε.
1562 949 1600 1021 ἓν
1623 955 1690 1041 μὲν
1715 954 1753 1021 τὸ
1777 956 1918 1043 πνεῦμα
1943 981 2024 1046 φω-

491 1061 549 1136 τὸς
574 1060 684 1127 τύπον
709 1052 853 1144 ἐπέχον,
877 1053 1053 1144 ε’μεσίτειιε
1085 1058 1146 1124 τοῦ
1173 1048 1300 1132 ὕδατος
1326 1062 1387 1124 καὶ
1422 1058 1484 1125 τοῦ
1517 1050 1675 1151 οὐρανοῦ
1680 1108 1693 1142 ,
1727 1051 1789 1124 ἰ’να
1814 1060 1936 1153 τρόπῳ
1960 1063 2026 1127 τινὶ

491 1164 544 1252 μὴ
571 1161 727 1252 κοινωνῇ
752 1161 790 1228 τὸ
817 1153 943 1237 σκότος
968 1160 1019 1253 τῴ
1045 1151 1190 1253 οὖρανῴ
1216 1155 1393 1252 ἐγγυτέρῳ
1431 1156 1505 1228 ὄντι
1529 1161 1591 1228 τοῦ
1613 1156 1705 1227 θεοῦ
1731 1162 1802 1252 πρὸ
1827 1164 1887 1230 τοῦ
1913 1159 2026 1231 εἰπεῖν

493 1261 682 1334 τὸνθεόν·
709 1259 899 1353 γενηθήτω
924 1264 1002 1351 σοῖς
1027 1256 1102 1361 (Ad
1120 1257 1242 1331 Autol.
1264 1256 1310 1331 II.
1329 1282 1359 1331 c.
1381 1262 1438 1331 13.
1461 1256 1517 1333 ed.
1537 1257 1661 1350 Mau).
1701 1258 1763 1332 Ad
1780 1284 1870 1358 quas
1891 1259 2025 1334 doctri-

492 1389 560 1436 nas
588 1360 807 1438 excolendas
832 1359 1038 1436 Stoicorum
1063 1359 1198 1459 placita
1230 1359 1306 1433 vim
1338 1359 1512 1435 habuisse
1548 1359 1630 1458 quis
1666 1374 1721 1434 est
1753 1360 1842 1459 quin
1876 1361 2024 1437 videat?

491 1465 551 1538 eui
578 1463 721 1539 Stoicae
746 1462 831 1538 illae
854 1462 1033 1537 formulae
1059 1461 1192 1561 quibus
1221 1474 1256 1537 et
1288 1459 1457 1536 lustinus
1487 1476 1523 1537 et
1556 1461 1732 1535 'Patianus
1765 1463 1818 1536 uti
1846 1464 2022 1560 solebant,

493 1573 634 1662 πνεῦμα
661 1567 784 1660 διῆκον
802 1562 851 1638 δι’
875 1563 961 1638 δίου
987 1569 1048 1638 τοῦ
1064 1571 1204 1657 κόσμον
1228 1564 1287 1639 vel
1314 1570 1385 1662 πῦρ
1412 1570 1570 1657 τεχνικὸν
1595 1561 1671 1662 ὁδῷ
1703 1568 1853 1657 βαδίζον
1878 1565 1936 1639 ἐπὶ
1959 1593 2021 1660 γι·-

492 1684 584 1743 νίσιι
609 1675 748 1761 κόσμου
781 1668 821 1741 in
847 1667 1064 1766 memoriam
1095 1692 1171 1740 non
1205 1668 1487 1743 revocarentur?
1533 1665 1630 1740 Nam
1661 1666 1754 1742 sicut
1789 1667 1924 1765 Stoici,
1962 1668 2026 1768 qui

492 1772 661 1872 quamvis
684 1770 876 1845 materiam
899 1782 934 1844 et
958 1769 1123 1868 spiritum
1151 1795 1264 1842 unam
1290 1795 1368 1844 rem
1394 1795 1474 1844 esse
1498 1768 1728 1865 iudicabant,
1764 1769 1949 1843 interdum
1974 1772 2026 1845 ita

492 1876 720 1968 discernunt,
748 1886 787 1946 ut
812 1871 938 1946 dicant
954 1874 1007 1968 1),
1034 1870 1226 1946 materiam
1249 1870 1370 1946 iacere
1394 1870 1565 1967 inertem,
1592 1898 1669 1945 rem
1698 1870 1746 1945 ad
1772 1872 1898 1945 omnia
1917 1899 2025 1973 para·

491 1992 584 2071 tam,
612 1974 836 2050 cessaturam
861 1974 892 2047 si
918 2000 1028 2049 nemo
1054 1985 1218 2069 moveat,
1253 1997 1421 2047 caussam
1454 2000 1541 2048 vero
1574 1974 1766 2048 materiam
1802 1973 1962 2050 formare
1989 1988 2024 2050 et

491 2103 711 2178 quocunque
736 2076 823 2151 velit
853 2101 1016 2171 versare,
1051 2075 1155 2149 varia
1191 2101 1304 2174 opera
1339 2102 1383 2151 ex
1417 2102 1461 2151 ea
1493 2073 1722 2175 producens,
1756 2101 1924 2150 caussam
1958 2103 2025 2177 per

492 2180 682 2255 materiam
697 2204 884 2278 permeare
905 2178 1169 2273 existimantes,
1197 2203 1351 2276 eamque
1368 2178 1464 2251 intus
1483 2177 1678 2278 effingere:
1704 2179 1756 2252 ita
1775 2178 1884 2252 etiam
1903 2178 2024 2253 Theo-

491 2282 613 2382 philus
640 2287 780 2373 τινεῦμα
805 2278 898 2354 illud
923 2278 1042 2379 (quod
1068 2278 1217 2378 quidem
1243 2279 1290 2354 de
1315 2278 1452 2379 Spiritu
1472 2278 1606 2355 Sancto
1628 2280 1784 2381 intelligi
1810 2307 1887 2354 non
1905 2307 2024 2380 posse,

491 2386 565 2458 iam
593 2384 817 2483 antiquiores
849 2382 920 2456 viri
956 2380 1053 2456 docti
1090 2381 1277 2473 viderunt)
1290 2384 1344 2477 2),
1378 2381 1558 2455 mundum
1594 2382 1754 2457 formare
1788 2396 1825 2458 et
1856 2408 1914 2459 res
1951 2382 2025 2456 vita

491 2486 674 2586 praeditas
714 2485 916 2585 producere
952 2484 1075 2581 docet,
1114 2484 1217 2558 cuius
1249 2491 1450 2576 πνεύματος
1490 2483 1689 2584 spiratione
1723 2497 1860 2560 terram
1894 2483 2026 2558 nutriri

490 2604 527 2663 et
550 2588 676 2661 omnia
699 2587 877 2661 vivificari
903 2587 979 2661 rult
999 2588 1045 2678 ³).
1110 2587 1166 2659 Ac
1193 2585 1287 2661 siout
1320 2585 1434 2662 Stoici
1467 2587 1563 2661 inter
1596 2586 1776 2661 elementa
1808 2586 1957 2687 agentia
1990 2601 2025 2661 et

491 2690 665 2791 patientia
691 2688 991 2789 distinguendum
1019 2713 1099 2763 esse
1121 2688 1317 2789 putabant,
1357 2688 1505 2789 agentia
1537 2698 1659 2763 aerem
1686 2702 1721 2763 et
1745 2689 1873 2789 ignem
1901 2688 2025 2764 dicen-

495 2808 566 2888 tes,
593 2792 768 2892 patientia
801 2805 936 2865 terram
973 2804 1009 2866 et
1045 2816 1179 2889 aquam
1199 2796 1255 2887 4),
1300 2790 1411 2865 simili
1449 2789 1561 2865 modo
1597 2789 1825 2892 Theophilus
1858 2790 2026 2891 spiritum

495 2921 577 2967 cum
603 2920 700 2992 aqua
725 2893 949 2993 coniungere
973 2892 1142 2986 videtur,
1180 2905 1221 2966 ut
1253 2906 1406 2990 uterque
1440 2918 1587 2966 ornnem
1619 2892 1783 2967 nutriant
1809 2908 2024 2989 creaturam,

495 3012 530 3071 et
555 3011 594 3069 ut
620 2995 766 3095 singula
790 3019 946 3094 corpora
971 2993 1190 3069 intrinsecus
1217 3008 1421 3094 temperent
1445 3002 1553 3093 atque
1579 2994 1754 3069 animent

607 3096 748 3172 Eadem
775 3123 862 3173 vero
889 3096 1110 3193 differentia,
1142 3122 1253 3195 quam
1278 3096 1374 3171 inter
1405 3095 1613 3170 Stoicorum
1639 3095 1872 3197 disciplinam
1899 3111 1934 3171 et
1958 3095 2025 3170 Ju-

492 3200 579 3273 stiui
597 3199 801 3274 doctrinam
819 3224 914 3295 esse,
943 3225 1125 3297 quamque
1145 3225 1168 3271 a
1187 3198 1458 3273 monotheismo
1480 3198 1701 3299 postulatam
1719 3198 1889 3294 diximus,
1915 3198 2024 3273 etiarn

490 3329 514 3375 a
540 3301 747 3401 Theophilo
774 3300 968 3375 indicatur.
1018 3299 1091 3390 Qui
1118 3300 1285 3400 quamvis
1319 3300 1581 3376 nonnullorum
1614 3300 1918 3401 philosophorum
1945 3300 2025 3401 opi-

491 3404 621 3479 niones
648 3402 858 3505 cognoscit,
884 3404 1051 3502 spiritum
1079 3402 1181 3477 illum
1216 3402 1342 3476 omnia
1372 3415 1620 3502 perrneantem
1650 3403 1769 3478 Deum
1795 3428 1875 3478 esse
1900 3402 2026 3477 decer·

491 3507 657 3581 nentium
671 3508 723 3601 ⁵),
749 3506 860 3580 talem
888 3505 1105 3580 sententiam
1132 3504 1328 3579 manifesto
1362 3530 1437 3577 non
1463 3502 1619 3605 probat,
1653 3504 1768 3578 immo
1803 3504 1885 3578 loco
1916 3531 2026 3605 supra

492 3606 639 3681 laudato
667 3608 787 3682 Deum
819 3607 992 3706 largitum
1020 3633 1098 3681 esse
1125 3606 1231 3681 docet
1258 3605 1425 3706 spiritum
1451 3631 1518 3705 per
1543 3632 1691 3681 omnem
1713 3621 1916 3681 creaturam
1942 3633 2024 3706 per-

492 3722 692 3803 meantem,
725 3708 778 3782 ita
802 3724 842 3781 ut
870 3707 901 3781 si
926 3708 1027 3782 Deus
1064 3708 1231 3810 spiritum
1270 3708 1398 3782 omnia
1431 3707 1677 3784 vivificantem
1711 3734 1834 3783 secum
1870 3708 2025 3783 retinere

491 3811 615 3907 vellet,
637 3811 848 3885 universum
873 3808 1098 3885 defecturum
1129 3824 1223 3887 esset
1238 3808 1282 3910 6).
1346 3809 1431 3883 Non
1465 3808 1539 3884 alia
1577 3810 1690 3910 igitur
1720 3808 1819 3910 apud
1849 3808 2025 3883 Nostrum

491 3914 585 3987 ratio
611 3939 690 3988 esse
711 3911 856 3987 videtur
880 3912 976 3987 inter
1008 3912 1127 3988 Deum
1164 3927 1199 3988 et
1229 3910 1398 4013 spiritum
1430 3910 1597 4007 vitalem,
1640 3912 1712 3987 nisi
1745 3911 1891 4011 qualem
1926 3910 2026 4011 apud

491 4014 689 4090 Tatianum
712 4014 941 4112 invenimus,
966 4041 1079 4113 quum
1106 4014 1264 4111 dicatur,
1291 4020 1330 4088 τὸ
1351 4012 1476 4087 ὑλικὸν
1500 4020 1642 4107 πνεῦμα
1665 4014 1818 4090 inferius
1845 4039 1924 4089 esse
1951 4013 2025 4113 spi-

491 4116 562 4190 ritu
589 4116 726 4190 divino.

381 4212 386 4222 ’
606 4218 699 4292 Cum
728 4219 861 4318 quibus
889 4217 1077 4295 sententiis
1101 4215 1305 4294 arctissime
1334 4218 1532 4293 cohaerent
1565 4215 1765 4318 Theophili
1794 4215 1839 4293 de
1874 4217 2024 4290 anthro-
2136 4204 2142 4224 ‘

598 4477 628 4550 1)
657 4472 725 4533 Seu.
748 4473 846 4551 Epist.
871 4475 920 4538 65,
945 4475 963 4532 6
987 4493 1035 4552 ap.
1057 4474 1156 4535 Ritter
1179 4482 1210 4534 et
1230 4473 1350 4535 Preller
1372 4474 1391 4533 l.
1413 4473 1433 4533 l.
1455 4494 1488 4553 p.
1509 4476 1583 4536 448.

599 4564 632 4634 2)
655 4559 693 4619 cf.
716 4560 804 4620 Wolf
821 4558 880 4619 nd.
902 4558 1042 4639 Theoph.
1065 4560 1131 4620 libr.
1153 4560 1214 4635 ΠΙ,
1237 4582 1267 4641 p.
1291 4564 1365 4622 139.
1389 4581 1417 4620 n.
1440 4563 1477 4638 ι).

599 4649 629 4727 3)
651 4646 689 4707 ci.
712 4645 762 4706 Ad
786 4646 891 4706 Antol.
913 4645 938 4718 Ι,
964 4648 998 4705 7:
1021 4644 1038 4708 δ
1061 4646 1250 4727 θεμελιώσας
1270 4646 1318 4725 τὴν
1338 4649 1391 4726 γῆν
1412 4644 1461 4709 ἐπί
1482 4650 1539 4708 τῶν
1560 4645 1676 4710 ὑδάτων
1697 4652 1747 4709 καὶ
1769 4644 1839 4721 detq
1860 4649 1974 4726 πνεῦμα
1992 4642 2022 4705 τὸ

490 4740 594 4815 τρέφον
616 4732 702 4810 odric
723 4727 758 4794 οὗ
781 4731 797 4807 ἦ
819 4730 892 4809 πνοὴ
915 4730 1052 4809 ζωογωεῖ
1070 4732 1101 4795 ιδ
1124 4736 1192 4797 πᾶν.
1237 4736 1317 4796 Nam
1338 4735 1462 4795 verbum
1488 4734 1647 4797 relativum
1671 4730 1706 4796 οὗ
1735 4733 1775 4795 ad
1802 4737 1916 4813 πνεῦμα
1947 4732 2022 4793 refe-

489 4819 615 4882 rendum
638 4840 704 4881 esse
727 4840 787 4880 non
810 4817 958 4899 estquod
982 4816 1159 4881 dubitemus.

597 4906 630 4984 4)
654 4905 692 4966 cf.
714 4908 813 4968 Ritter
835 4915 866 4966 et
885 4904 1002 4965 Preller
1023 4926 1052 4986 p.
1074 4909 1148 4968 457.

596 4993 629 5070 5)
653 4992 704 5053 Ad
728 4993 831 5055 Autol.
853 4992 894 5073 11,
917 4994 946 5053 3.

595 5080 623 5161 6)
649 5080 674 5151 Ι,
699 5077 734 5138 7:
759 5082 792 5153 ὃς
816 5076 869 5141 ἐὰν
889 5080 977 5159 συσχῇ
1001 5074 1032 5139 τὸ
1055 5078 1169 5156 πνεῦμα
1190 5075 1262 5161 παρ’
1287 5072 1584 5157 §naracustoma
1607 5075 1674 5134 πᾶν.
