5034 6084
1251 638 1298 708 62

495 821 646 923 pologia
681 820 825 919 placita.
889 820 1006 894 Deum
1038 822 1136 895 enim
1170 819 1337 919 spiritum
1376 820 1521 893 vitalem
1555 819 1695 893 mundo
1736 820 1909 921 largitum
1940 845 2029 912 esse,

495 923 587 997 sicut
610 921 774 996 hominis
810 922 956 1020 corpori
993 923 1156 996 animam
1177 926 1227 1023 ¹),
1268 948 1423 1019 eamque
1459 948 1503 996 ex
1533 935 1637 994 'motu
1670 924 1835 1021 corporis
1873 919 2030 1020 intelligi

493 1026 581 1099 dicit
598 1026 648 1125 2);
677 1049 768 1121 quas
795 1022 1027 1113 definitiones
1054 1025 1118 1123 qui
1142 1023 1346 1099 accuratius
1370 1024 1579 1123 inspexerit,
1606 1049 1838 1122 nequaquam
1863 1023 2030 1096 dubitare

490 1129 632 1229 poterit,
660 1124 823 1199 animam
849 1136 965 1198 totum
989 1150 1119 1226 corpus
1143 1152 1333 1227 permeare
1359 1126 1517 1200 voluisse
1538 1125 1797 1223 Theophilum,
1823 1124 2029 1199 Stoicorum

489 1230 622 1330 placita
649 1240 823 1302 secutum.
885 1224 959 1315 Qui
985 1228 1093 1303 etiarn
1120 1229 1285 1303 divinam
1311 1228 1571 1302 revelationem
1598 1227 1769 1301 omnibus
1796 1252 2030 1300 communem

490 1359 569 1406 esse
592 1329 703 1406 simili
730 1327 840 1401 modo
869 1354 940 1425 quo
967 1328 1150 1427 Justinus,
1177 1332 1240 1430 qui
1269 1330 1367 1404 hanc
1391 1329 1624 1404 revelationis
1648 1328 1958 1403 universalitatem
1981 1327 2030 1401 ad

490 1435 668 1508 rationem
693 1430 906 1507 seminalem
931 1432 1129 1527 referebat,
1158 1432 1354 1507 contendit.
1421 1431 1503 1522 Quo
1540 1431 1638 1530 quod
1664 1432 1834 1506 homines
1862 1430 2030 1530 spiritum

491 1535 561 1610 Dei
588 1535 726 1633 spirare
749 1532 858 1626 dicit,
892 1535 1074 1632 pertinere
1108 1535 1252 1610 videtur
1269 1538 1322 1630 ³),
1357 1560 1477 1632 neque
1506 1534 1629 1607 minus
1662 1532 1701 1606 id
1737 1532 1836 1632 quod
1870 1559 2029 1632 pagana,

494 1638 556 1735 qui
576 1637 730 1710 fortasse
762 1634 1011 1733 postulaturus
1045 1638 1109 1731 sit,
1151 1636 1399 1737 Theophilum
1434 1637 1553 1710 Deum
1590 1662 1695 1709 suurn
1732 1634 1944 1729 ostendere,
1972 1660 2029 1707 re-

493 1738 663 1838 spondet;
692 1737 784 1836 Age,
808 1762 896 1836 ergo
923 1738 1074 1813 ostende
1097 1739 1189 1813 mihi
1216 1739 1404 1812 hominem
1430 1752 1542 1834 tuum,
1570 1751 1605 1811 et
1623 1738 1704 1836 quis
1727 1764 1830 1810 meus
1855 1736 1901 1810 sit
1918 1736 2028 1829 Deus,

493 1840 694 1915 ostendam.
747 1838 874 1911 Animi
900 1840 953 1913 tui
977 1842 1102 1915 oculos
1128 1842 1265 1941 praebe
1292 1840 1467 1935 videntes,
1496 1840 1648 1914 ostende
1675 1866 1723 1912 an
1747 1838 1900 1913 audiant
1923 1864 2031 1911 aures

494 1941 615 2016 cordis
637 1940 703 2015 tui.
756 1939 910 2013 Videtur
934 1942 1031 2015 enim
1059 1943 1160 2019 Deus
1187 1944 1234 2017 ab
1266 1944 1330 2039 iis,
1359 1943 1422 2041 qui
1446 1969 1529 2016 eum
1557 1941 1680 2016 videre
1704 1955 1868 2041 possunt,
1898 1940 1929 2013 si
1950 1940 2029 2038 qui-

494 2045 577 2120 dem
612 2043 738 2117 oculos
771 2042 906 2115 mentis
937 2059 1082 2143 apertos
1115 2046 1263 2121 habent.
1326 2043 1512 2119 Omnibus
1546 2043 1695 2143 quidem
1728 2056 1813 2116 sunt
1843 2042 1955 2138 oculi,
1994 2057 2031 2114 at

495 2146 724 2245 quorundam
750 2143 842 2217 adeo
867 2159 952 2218 sunt
977 2147 1123 2244 suffusi,
1163 2163 1202 2222 ut
1228 2148 1316 2223 solis
1338 2146 1457 2221 lucem
1482 2146 1616 2221 intueri
1642 2158 1834 2244 nequeant.
1902 2144 2031 2242 Neque

496 2250 582 2347 quia
608 2247 708 2322 caeci
732 2271 810 2317 non
832 2245 958 2321 vident
983 2247 1120 2323 idcirco
1156 2250 1217 2323 lux
1256 2250 1344 2323 solis
1379 2276 1456 2323 non
1490 2250 1603 2344 lucet,
1638 2248 1701 2321 sed
1737 2247 1877 2346 seipsos
1909 2246 2032 2346 potius

496 2375 654 2448 suosque
681 2347 806 2422 oculos
834 2348 980 2447 culpent
1006 2351 1114 2426 caeci.
1169 2352 1223 2425 lta
1249 2367 1285 2426 et
1310 2352 1421 2424 homo
1445 2351 1571 2424 oculos
1595 2350 1700 2448 quasi
1723 2348 1856 2423 mentis
1874 2348 2031 2421 suffusos

494 2451 607 2528 habet
630 2477 697 2551 per
721 2462 871 2549 peccata
894 2464 931 2525 et
953 2454 1069 2527 malas
1097 2455 1276 2550 actiones,
1303 2468 1524 2553 peccatoque
1552 2452 1885 2551 occupatusDeum
1906 2449 2031 2524 ridere

494 2581 571 2628 non
596 2567 715 2653 potest
739 2556 784 2642 4).

608 2654 652 2728 In
678 2654 737 2728 his
771 2656 959 2729 sententiis
994 2656 1062 2731 Dei
1095 2657 1258 2757 cognitio
1289 2657 1449 2756 pendere
1482 2656 1614 2729 dicitnr
1649 2682 1693 2728 ex
1727 2654 1837 2729 corde
1873 2654 2033 2752 peccatis

497 2758 636 2852 liberc,
663 2756 714 2829 ita
736 2756 884 2855 quidem
910 2772 950 2831 ut
974 2760 1101 2858 generi
1129 2760 1292 2832 humano
1311 2759 1357 2832 sit
1371 2785 1587 2859 progressus
1605 2756 1754 2855 quidam
1779 2755 2030 2850 adolescendi3

498 2860 591 2933 sicut
613 2858 753 2959 primus
775 2858 888 2933 homo
914 2860 1039 2935 infans
1065 2862 1177 2936 fuisse
1203 2861 1387 2961 putandus
1414 2876 1485 2956 est,
1513 2860 1614 2934 cuius
1642 2860 1819 2959 sapientia
1843 2857 2032 2958 paullatim

497 2962 644 3036 demum
671 2962 897 3035 incrementa
922 2963 1042 3038 facere
1067 2965 1204 3063 potuit,
1241 2990 1353 3061 quum
1377 2990 1510 3063 pueros
1537 2977 1681 3061 praeter
1706 2974 1858 3035 aetatem
1892 2986 2031 3059 sapere,

495 3063 710 3137 indecorum
731 3063 777 3135 sit
791 3065 836 3156 ⁵).
890 3063 1012 3154 Quum
1041 3092 1126 3139 vero
1150 3065 1250 3139 Deus
1276 3065 1455 3138 mundum
1478 3066 1696 3140 instruxerat
1713 3062 1857 3137 homini
1868 3062 1914 3157 ⁶),
1937 3062 2030 3135 eius-

497 3192 568 3265 que
593 3165 763 3265 potestati
796 3180 832 3239 et
856 3166 1012 3266 imperio
1049 3167 1172 3240 omnia
1207 3167 1412 3242 subiecerat
1432 3168 1480 3267 7),
1512 3182 1552 3240 ut
1585 3166 1618 3240 ei
1653 3166 1895 3239 innotesceret
1918 3165 1968 3261 ⁸),
1996 3179 2032 3239 et

502 3293 616 3366 quum
642 3266 734 3340 haec
758 3266 828 3341 Dei
856 3268 1018 3368 cognitio
1044 3295 1189 3343 annexa
1215 3284 1310 3343 esset
1335 3269 1565 3343 obedientiae
1591 3294 1681 3367 erga
1705 3268 1841 3362 Deum,
1874 3266 2031 3341 liberum

499 3369 600 3442 Deus
623 3382 658 3443 et
684 3394 749 3441 suo
774 3368 890 3467 ipsius
916 3370 1069 3444 arbitrio
1104 3372 1299 3471 degentem
1332 3371 1418 3445 fecit
1450 3370 1650 3444 hominem.
1712 3369 1837 3466 ltaque
1871 3368 1962 3442 boni
1997 3382 2032 3442 et

498 3470 587 3544 mali
613 3469 774 3570 eligendi
800 3470 951 3546 libertas
978 3472 1119 3546 homini
1146 3490 1200 3547 est
1224 3473 1331 3566 data,
1364 3488 1404 3545 ut
1429 3471 1660 3546 observando
1687 3471 1758 3545 Dei
1783 3470 1959 3544 mandata
1983 3470 2031 3543 ad

498 3572 807 3646 immortalitatem
847 3573 976 3648 ductus
1010 3602 1078 3673 pro
1116 3575 1280 3675 praemio
1312 3575 1620 3649 immortalitatem
1654 3574 1811 3673 accipiat
1838 3573 1886 3646 ab
1921 3599 1963 3646 eo
1997 3587 2033 3647 et

498 3676 597 3749 Deus
623 3675 687 3747 fiat
713 3674 789 3769 (ἵνα
815 3675 850 3746 εἰ
873 3688 967 3772 paup
994 3678 1051 3750 ἐπὶ
1077 3685 1118 3750 τὰ
1157 3686 1215 3772 τῆς
1248 3676 1472 3768 ἀθανασίας,
1504 3674 1661 3774 τηρήσας
1698 3682 1759 3770 τὴν
1792 3676 1936 3769 ἐντολὴν
1971 3681 2032 3748 τοῦ

500 3783 610 3871 θεοῦ,
633 3777 775 3869 μισθὸν
799 3790 987 3872 κομίσηται
1014 3780 1106 3877 παρ’
1133 3779 1239 3854 αὐτοῦ
1265 3787 1327 3875 την
1349 3779 1558 3855 ἀθανασίαν
1582 3783 1693 3874 κτλ),
1721 3778 1778 3851 sin
1805 3805 1892 3853 vero
1919 3777 2031 3851 decli-

498 3880 641 3954 naverit
675 3881 712 3952 in
740 3879 840 3953 viam
866 3882 1056 3955 mortalem
1091 3910 1167 3955 non
1202 3883 1380 3958 obediens
1413 3883 1492 3957 Deo
1527 3883 1606 3982 ipse
1642 3881 1712 3954 sibi
1745 3881 1874 3953 mortis
1907 3895 2034 3953 auctor

501 3983 547 4055 sit
563 3984 605 4080 ⁹).
658 3983 754 4055 Nam
782 3983 951 4082 geminus
976 3984 1087 4057 homo
1114 4012 1134 4057 a
1161 3985 1240 4059 Deo
1276 3985 1392 4058 factus
1428 4000 1526 4081 erat,
1561 4009 1682 4082 neque
1712 3983 1823 4083 plane
1855 3982 2032 4076 mortalis,

610 4251 640 4324 1)
667 4248 708 4321 ll,
734 4254 783 4309 13.

608 4338 638 4409 2)
662 4336 800 4417 καθάπερ
824 4370 867 4383 ·-
889 4370 930 4381 -
953 4337 1004 4399 διὰ
1027 4373 1068 4382 -
1091 4342 1135 4414 τῆς
1158 4338 1294 4415 κινήσεως
1318 4343 1364 4401 τοῦ
1387 4340 1524 4417 σώματος
1548 4343 1653 4401 νοεῖται
1676 4337 1690 4412 ι)
1713 4336 1798 4417 ψυχή.

607 4423 637 4494 3)
659 4419 685 4494 I,
710 4426 743 4482 7:
767 4423 865 4484 τούτου
889 4425 951 4503 (τοῦ
973 4429 1062 4503 θεοῦ)
1086 4425 1116 4486 τὸ
1138 4430 1250 4501 πνεῦμα
1275 4424 1422 4498 stannig,
1447 4431 1545 4487 τοῦτον
1568 4422 1692 4502 ἀγνοεῖς.

608 4511 640 4583 t)
665 4508 703 4566 cl.
726 4510 751 4582 I,
776 4512 803 4570 2.

610 4595 643 4671 5)
666 4594 709 4666 II,
733 4598 782 4656 25.

610 4684 642 4752 6)
666 4680 708 4754 II,
734 4687 782 4744 10.

609 4766 781 4845 ⁷)11.1s.

605 4852 702 4926 8)11‚
727 4860 783 4917 10:
806 4888 848 4900 -
872 4890 910 4898 -—
934 4850 1071 4932 ἧθέλησεν
1092 4852 1254 4934 ἄνθρωπον
1277 4858 1396 4929 ποιῆσαι
1425 4848 1449 4933 ᾧ
1479 4858 1601 4933 γνωσθῇ
1632 4853 1719 4929 τούτῳ
1754 4847 1804 4911 οὖν
1834 4857 2028 4929 προητοίμασε

498 4939 546 5000 τὸν
566 4940 694 5017 «ducor.

606 5029 636 5100 9)
659 5026 702 5100 Il,
727 5028 777 5086 27.
