5034 6084
1231 662 1254 731 4

490 863 696 938 Stoicorum
720 862 879 936 maxime
905 860 1252 958 Platonicorumque
1274 859 1451 934 doctrinis
1477 886 1543 960 per
1568 858 1718 959 aliquod
1741 875 1884 962 tempus
1909 861 2017 935 unice

489 979 628 1039 tentum
653 962 784 1059 luisse,
817 964 946 1064 negari
973 989 1049 1036 non
1078 976 1206 1063 potest.
1259 961 1379 1037 Valde
1405 963 1706 1061 incorporearum
1734 989 1857 1038 rerum
1883 963 2018 1038 intelli-

491 1067 616 1167 gentia
642 1093 681 1141 se
707 1065 914 1140 devinctum
939 1066 1051 1139 fuisse
1069 1079 1105 1139 et
1129 1064 1477 1164 contemplationem
1496 1064 1663 1138 idearum
1681 1066 1796 1139 menti
1820 1067 1899 1140 alas
1914 1063 2019 1163 quasi

491 1168 680 1243 addidisse
705 1168 906 1241 confitetur.
958 1167 1075 1241 Addit
1107 1165 1259 1241 deinde:
1297 1165 1444 1265 sapiens
1476 1166 1569 1239 mihi
1602 1164 1756 1241 videbar
1789 1168 1887 1241 intra
1907 1167 2020 1241 breve

492 1285 636 1370 tempus
666 1269 845 1364 evasisse,
877 1294 921 1342 ac
944 1296 1034 1369 prae
1066 1268 1262 1343 stoliditate
1287 1268 1327 1341 in
1354 1294 1457 1368 spem
1482 1294 1656 1343 veneram
1682 1269 1832 1344 videndi
1854 1270 2021 1369 protinus

492 1373 573 1468 Dei,
601 1372 664 1444 hic
689 1372 788 1446 enim
814 1371 899 1444 finis
923 1385 977 1445 est
1001 1370 1168 1444 Platonis
1193 1369 1451 1469 philosophiae
1462 1374 1507 1463 1).
1558 1369 1668 1444 Hanc
1693 1397 1909 1470 veroquam
1933 1370 2020 1444 inde

494 1474 720 1574 appetiverat
755 1471 999 1547 eruditionem
1024 1471 1320 1573 philosophicam
1347 1471 1395 1545 ad
1425 1473 1590 1572 ipsorum
1615 1473 1921 1575 philosophorum
1941 1473 2021 1572 pla-

368 1579 373 1588 '
495 1577 567 1650 cita
597 1575 798 1649 refellenda
821 1588 857 1649 et
889 1574 938 1648 ad
967 1574 1205 1648 oh1istianam
1239 1600 1318 1649 rem
1340 1588 1468 1648 contra
1492 1574 1649 1675 gentiles
1668 1576 1842 1649 tuendam
1868 1574 2021 1648 adhibe-

495 1680 578 1774 bat,
607 1676 811 1752 disserendi
837 1676 1019 1751 subtilitas
1044 1676 1258 1775 ingeniique
1284 1676 1467 1774 velocitas,
1495 1703 1606 1775 quam
1630 1676 1670 1749 in
1696 1677 1833 1750 scholis
1857 1675 2020 1775 philoso-

496 1780 656 1879 phorum
676 1806 779 1853 suam
804 1778 955 1873 fecerat,
991 1778 1200 1852 facultatem
1223 1778 1257 1852 ei
1283 1779 1485 1879 praebebat
1509 1778 1721 1878 disputandi
1744 1794 1871 1852 contra
1893 1777 2021 1851 adver-

496 1882 612 1955 sarios
638 1882 858 1955 christianae
883 1879 976 1953 fidei
996 1893 1032 1954 et
1054 1879 1248 1980 pugnandi
1274 1905 1342 1980 pro
1369 1881 1423 1956 rei
1449 1881 1672 1956 christianae
1695 1881 1864 1955 veritate:
1892 1878 2020 1977 quain

496 2011 622 2084 pugna
648 1997 777 2056 contra
798 1983 975 2056 falsorum
1002 1981 1155 2057 deorum
1179 1983 1335 2056 cultores
1346 2012 1359 2078 ,·
1391 1997 1427 2058 et
1446 2011 1513 2083 pro
1534 1983 1725 2083 religionis
1740 1983 1892 2057 veritate
1917 2008 2022 2081 prae-

497 2087 636 2159 clarum
663 2112 686 2158 a
709 2085 789 2158 Deo
814 2084 887 2158 sibi
911 2085 1119 2184 delegatum
1139 2110 1274 2157 munus
1307 2086 1490 2185 cognovit.
1541 2085 1717 2160 Nostrum
1740 2133 1779 2142 -
1817 2085 1869 2158 ait
1898 2127 1936 2138 —
1970 2096 2025 2158 est

496 2214 649 2282 munus,
685 2199 725 2259 ut
762 2200 798 2260 et
828 2185 923 2262 vitae
957 2199 993 2261 et
1018 2186 1205 2260 doctrinae
1230 2200 1379 2261 nostrae
1400 2186 1653 2287 inspiciendae
1680 2188 1824 2289 copiam
1851 2187 2024 2260 omnibus

495 2290 694 2383 iaciamus,
720 2313 767 2362 ne
792 2314 860 2388 pro
886 2288 943 2384 iis,
972 2288 1036 2387 qui
1061 2314 1120 2362 res
1145 2300 1293 2362 nostras
1327 2316 1366 2364 se
1392 2289 1566 2391 ignorare
1600 2315 1709 2388 posse
1744 2288 1816 2363 sibi
1842 2288 2022 2382 videntur,

495 2418 655 2492 poenam
683 2416 808 2464 earum
832 2415 955 2464 rerum
980 2390 1020 2463 in
1046 2389 1179 2487 quibus
1205 2390 1445 2466 caecutientes
1458 2391 1690 2490 peccaverint
1705 2391 1815 2466 nobis
1829 2391 1920 2490 ipsis
1936 2414 2024 2463 con·

382 2570 385 2576 ,
496 2494 686 2567 trahamus
702 2494 745 2589 ²).
805 2490 906 2565 Sicut
941 2517 1029 2567 vero
1056 2492 1216 2565 lustinus
1249 2492 1514 2593 philosophum
1545 2519 1590 2567 ex
1623 2493 1790 2567 Platonis
1825 2492 1951 2565 schola
1986 2518 2025 2566 se

498 2596 577 2695 ipse
599 2595 731 2669 fatetur
753 2593 884 2690 fuisse,
921 2594 972 2668 ita
1006 2593 1116 2667 etiam
1139 2608 1267 2668 auctor
1292 2594 1467 2693 epistolae
1490 2595 1538 2668 ad
1559 2594 1784 2694 Diognetum
1808 2608 1884 2667 toto
1909 2593 2025 2667 disse·

497 2695 605 2771 rendi
639 2696 751 2769 modo
784 2695 1047 2796 philosophum
1079 2721 1118 2769 se
1143 2694 1268 2795 prodit
1288 2696 1331 2796 ³).
1382 2696 1431 2770 Et
1456 2695 1597 2793 eodem,
1618 2697 1718 2795 quod
1740 2695 1907 2770 Justinus
1930 2709 2025 2768 tam-

499 2825 609 2897 quam
644 2824 667 2871 a
702 2823 845 2870 summo
876 2796 945 2871 deo
978 2796 1050 2871 sibi
1076 2796 1236 2872 delatum
1258 2799 1447 2900 cognovit,
1477 2825 1629 2873 munere
1651 2800 1880 2899 apologetico
1907 2810 1943 2871 et
1969 2796 2024 2870 di-

499 2900 659 2995 dacticO,
698 2900 867 2999 neglecta
893 2899 1083 2974 doctorum
1115 2900 1280 2974 virorum
1304 2902 1591 3002 contemptione,
1626 2902 1690 3000 qui
1715 2928 1827 2974 unam
1853 2923 2025 3001 graecam

498 3001 771 3102 philosophiam
797 3028 866 3100 pro
898 3001 1047 3076 veritate
1082 3001 1287 3098 habebant,
1326 3004 1457 3103 spretis
1487 3002 1598 3076 minis
1632 3017 1667 3078 et
1688 3003 1773 3076 odio
1796 3001 2024 3077 adversario-

499 3132 581 3178 rum
595 3105 636 3203 4),
665 3099 830 3177 consiliis
851 3103 1054 3177 amicornm
1081 3103 1129 3176 ad
1151 3116 1288 3178 metum
1312 3104 1574 3178 'inclinatorum
1599 3104 1938 3204 contemptis,etiam
1952 3103 2024 3175 Ta-

423 3248 432 3263 ·
501 3207 623 3281 tianus
649 3205 889 3305 fungebatur,
922 3232 1038 3278 unum
1064 3205 1104 3279 id
1137 3218 1304 3280 metuens
1330 3221 1366 3280 et
1390 3207 1537 3301 veritus,
1561 3232 1608 3279 ne
1633 3206 1754 3280 iussus
1780 3207 1828 3280 ab
1855 3205 2028 3279 adversa-

500 3307 565 3382 riis
598 3310 717 3382 Deum
752 3321 920 3406 negaret,
960 3308 1123 3405 quinon
1150 3334 1231 3381 esse
1257 3308 1440 3408 coepitin
1466 3323 1649 3408 tempore,
1677 3334 1794 3406 quum
1822 3307 1920 3380 solus
1948 3304 2028 3380 sine

499 3410 682 3509 principio
715 3408 826 3483 fuerit
864 3424 900 3484 et
933 3410 1012 3509 ipse
1037 3408 1201 3483 universi
1223 3409 1446 3511 principium
1470 3411 1511 3509 5).
1565 3410 1866 3506 Qualemcunque
1891 3407 2027 3482 habea·
2112 3439 2114 3443 ’

499 3539 582 3585 mus
600 3511 815 3606 Tatiannm,
841 3525 962 3585 utrum
987 3511 1172 3585 rhetorem
1198 3538 1281 3586 eum
1305 3512 1470 3587 dicamus
1496 3539 1545 3585 an
1571 3511 1844 3614 philosophum,
1872 3535 2028 3584 ancum

500 3614 584 3687 aliis
610 3612 699 3687 viris
724 3613 841 3687 doctis
867 3628 1040 3711 utrosque
1066 3640 1208 3688 errasse
1233 3613 1350 3688 videri
1379 3629 1590 3710 statuamus,
1614 3631 1690 3687 tum
1711 3640 1774 3688 eos
1789 3613 1853 3712 qui
1867 3611 2026 3686 Tatiano

500 3716 717 3791 Rhetoricae
740 3715 1007 3813 professionem
1031 3715 1250 3811 affinxerint,
1277 3728 1355 3790 tum
1380 3718 1443 3816 qui
1466 3743 1579 3790 unam
1604 3715 1862 3816 philosophiae
1881 3714 2029 3789 laudem

502 3819 536 3894 ei
562 3816 766 3913 tribuerint,
793 3830 917 3891 tamen
943 3817 982 3890 id
1009 3831 1141 3912 manet,
1165 3816 1290 3891 multis
1314 3818 1674 3920 peregrinationibus
1699 3816 1875 3917 susceptis
1886 3817 1917 3915 ⁶)
1945 3843 2030 3890 eum

502 3947 645 3994 summo
680 3919 808 3994 labore
842 3919 1007 3993 animum
1044 3918 1241 4018 disciplina
1271 3921 1533 4017 conformasse,
1571 3918 1797 4018 Graecisque
1823 3919 1916 3992 disci
1943 3918 2030 3991 linis

503 4024 684 4097 imbutum
699 4022 740 4121 7),
769 4048 947 4122 magnum
971 4048 1093 4096 rerum
1118 4048 1224 4094 usum
1250 4038 1485 4099 consecutum
1510 4048 1601 4117 esse,
1628 4021 1721 4095 sicut
1736 3947 2028 4096 omninodratio

619 4284 633 4337 1
670 4278 689 4337 l.
712 4298 737 4336 c.
760 4296 789 4355 p.
813 4277 873 4335 219
899 4274 933 4335 O.

618 4277 647 4448 2)
671 4364 760 4444 Apol.
782 4363 807 4421 l.
836 4383 860 4420 c.
884 4365 912 4422 3.
946 4379 975 4438 p.
999 4363 1040 4420 54
1063 4358 1088 4421 C
1111 4360 1150 4423 cl.
1184 4363 1263 4423 Dial.
1293 4365 1438 4425 c.'1¹r.c.
1462 4366 1513 4425 64.
1541 4383 1571 4441 p.
1595 4365 1656 4422 287
1680 4362 1715 4420 B.

617 4453 646 4532 3)
668 4452 706 4512 cf.
730 4451 828 4509 Ritter
851 4442 981 4522 „Gesch
1005 4446 1033 4506 d.
1057 4445 1191 4507 Philos.“
1215 4452 1252 4509 V.
1275 4471 1305 4529 p.
1320 4453 1391 4511 294.
1415 4451 1488 4512 Otto
1512 4451 1579 4523 „De
1601 4449 1700 4528 Epist.
1721 4445 1760 4505 ad
1781 4444 1912 4521 Diogn⁴⁸
1937 4463 1967 4521 p.
1979 4445 2030 4503 59.

620 4538 650 4617 4)
675 4538 727 4599 Or.
750 4536 789 4595 od
813 4535 921 4595 Graec.
940 4554 965 4593 c.
988 4536 1028 4595 35
1053 4531 1110 4614 (ed.
1140 4533 1225 4612 Otto)
1257 4557 1287 4616 p.
1313 4540 1375 4597 170
1398 4539 1426 4598 D
1449 4536 1507 4618 [ed.
1531 4536 1623 4614 cot).
1643 4536 1683 4595 ib.
1712 4554 1737 4592 c.
1759 4534 1790 4589 4.
1819 4550 1848 4608 p.
1873 4532 1935 4588 144
1959 4529 1982 4588 Β
2005 4530 2031 4590 εἰ

502 4623 542 4704 μὴ
565 4626 624 4696 ταῖς
646 4628 730 4685 τινῶν
752 4629 889 4702 νομίμων
910 4623 1093 4702 campio-los
1114 4620 1263 4703 βούλομαι
1285 4631 1360 4697 τίνος
1379 4625 1466 4707 χάριν
1487 4623 1626 4700 καθάπερ
1647 4616 1833 4703 μιαρώτατος
1848 4622 2029 4695 μεμίσημαις

503 4734 528 4771 c.
553 4712 603 4770 25.
625 4730 655 4789 p.
680 4714 741 4771 162
765 4711 794 4769 D
817 4730 842 4768 o.
866 4710 916 4768 26.
938 4727 968 4786 p.
992 4708 1094 4769 163Β
1117 4708 1157 4768 al.

618 4799 649 4872 s)
673 4818 697 4858 ο.
720 4799 749 4856 4.
771 4816 801 4875 p.
827 4798 889 4854 144
912 4791 948 4853 c.

617 4884 649 4960 6)
673 4904 698 4944 c.
721 4885 770 4943 35.
801 4900 829 4960 p.
854 4884 917 4942 170
940 4880 964 4939 Β
992 4883 1078 4941 ταῦτα
1108 4880 1163 4957 μέν
1189 4876 1240 4944 οὖν
1274 4879 1311 4942 oc’
1341 4878 1402 4961 παῤ
1425 4878 1515 4941 ἄλλον
1536 4876 1651 4960 μαθὼν
1672 4874 1815 4957 ἒξεθὲμην
1837 4871 1945 4951 πολλὴν
1962 4871 2029 4934 ἔπι-

505 4966 644 5049 φαιῐήσας
666 4974 718 5047 γῆν
739 4971 796 5030 κτλ.

613 5056 641 5139 7)
663 5055 829 5138 ταῦταχάριν
850 5050 1066 5131 ἀπεταξᾰμεθα
1088 5055 1121 5130 τῇ
1144 5048 1212 5132 παρ’
1234 5046 1305 5127 ὑμῖν
1327 5056 1419 5135 σοφία
1440 5052 1495 5112 κᾶν
1516 5051 1542 5111 εἰ
1563 5050 1640 5111 πάνυ
1663 5049 1770 5129 σεμνός
1792 5072 1833 5123 τις
1854 5040 1890 5127 ἦν
1912 5044 1943 5108 ἐν
1958 5043 2030 5125 αὐτῇ
