5034 6084
1229 603 1277 675 38

491 789 753 863 resurrectione
789 802 945 862 mortem
981 785 1150 861 vincebat
1167 786 1207 873 1).
1268 786 1303 858 Α
1329 812 1402 884 qno
1440 784 1572 859 eruditi
1597 788 1789 861 christiani
1815 815 1892 860 non
1914 786 2023 860 vanis

491 890 724 964 crediderunt
757 888 894 963 fabulis
928 913 997 962 nec
1029 886 1261 963 sermonibus
1295 901 1511 988 argumento
1547 890 1748 985 destitutis,
1794 889 1858 964 sed
1893 889 2022 988 spiritu

490 993 615 1066 divino
642 991 770 1092 plenia,
794 1003 971 1089 potestate
998 988 1229 1083 scatentibus,
1257 989 1376 1089 gratia
1402 988 1617 1065 florentibus
1630 992 1673 1092 2).
1711 991 1784 1065 Hic
1810 992 1907 1066 enim
1932 991 2024 1065 alter

491 1111 573 1195 post
598 1108 796 1169 creatorem
820 1091 920 1168 Deus
943 1091 1180 1190 omniumque
1199 1090 1382 1188 dominus,
1402 1091 1511 1165 etiam
1528 1095 1682 1193 angelus
1698 1109 1858 1189 vocatur,
1887 1093 2023 1192 quippe

491 1198 553 1296 qui
579 1196 724 1288 nuntiat
750 1193 962 1269 hominibus
990 1219 1240 1292 quaecumque
1267 1193 1313 1266 iis
1340 1194 1502 1266 nuntiari
1527 1196 1604 1268 vult
1627 1211 1738 1295 pater,
1767 1223 1839 1294 quo
1857 1194 2023 1295 superior

491 1301 583 1374 alius
618 1298 718 1371 Deus
751 1295 872 1370 nullus
905 1311 959 1373 est
975 1299 1012 1391 5).
1089 1295 1193 1385 Quae
1228 1322 1340 1393 quum
1374 1296 1424 1369 ita
1459 1296 1532 1370 sint
1567 1298 1758 1371 christiani
1797 1315 1947 1398 rogant,
1984 1309 2024 1369 ut

491 1401 659 1476 doctrina
694 1425 803 1496 quam
838 1400 1069 1498 profitentur,
1107 1395 1300 1497 probetur,
1341 1399 1428 1496 quia
1461 1398 1648 1473 veritatem
1681 1401 1897 1499 loquuntur,
1936 1424 2022 1471 nam

491 1505 570 1578 sola
592 1529 636 1576 ea
660 1528 745 1574 vera
771 1514 873 1597 sunt,
905 1527 998 1599 quae
1033 1498 1087 1572 illi
1121 1498 1266 1592 dicunt,
1302 1499 1422 1573 edocti
1448 1526 1470 1573 a
1500 1500 1648 1575 Christo
1670 1517 1705 1576 et
1730 1531 1753 1575 a
1775 1501 1963 1601 prophetis
1973 1505 2020 1596 4),

491 1631 647 1704 quorum
669 1602 856 1676 doctrinae
879 1602 1031 1676 minime
1067 1616 1189 1700 turpes
1228 1600 1293 1675 sed
1324 1601 1424 1674 omni
1454 1600 1690 1704 philosophia
1722 1605 1885 1678 humana
1908 1603 2022 1676 subli-

491 1708 626 1781 miores
641 1708 688 1801 5),
726 1703 958 1779 sublimiores
991 1730 1101 1802 quam
1135 1716 1175 1776 ut
1208 1729 1270 1776 eas
1301 1703 1460 1777 mundns
1497 1705 1614 1803 possit
1649 1706 1960 1806 comprehendere
1977 1705 2021 1803 ⁶).

493 1809 597 1900 Quae
620 1808 683 1881 illa
709 1806 991 1880 christianorum
1016 1806 1291 1905 ‘apologetarnm
1315 1806 1451 1879 laetitia
1486 1820 1521 1879 et
1547 1807 1740 1904 securitas,
1774 1808 1838 1906 qui
1861 1834 2022 1880 summo-

491 1938 573 1984 mm
606 1909 789 1983 boncmm
822 1908 1016 2007 participes
1051 1906 1154 2002 facti,
1192 1907 1351 1982 revelato
1374 1907 1499 1980 divino
1534 1910 1706 2002 consilio,
1746 1910 1839 1983 nihil
1876 1908 1945 1982 sibi
1974 1908 2021 1981 ad

492 2039 672 2087 summam
698 2009 962 2085 beatitudinem
989 2009 1115 2083 deesse
1140 2008 1329 2109 putarentl
1393 2010 1493 2085 Deus
1528 2010 1627 2084 enim
1658 2011 1860 2112 benignus,
1900 2037 2023 2111 verax,

492 2115 590 2188 solus
615 2115 798 2214 perfectus
824 2138 1005 2212 magnum
1029 2111 1117 2209 quid
1144 2126 1265 2186 mente
1300 2112 1467 2211 concepit
1491 2113 1695 2209 quodcum
1722 2141 1795 2187 nno
1821 2114 1897 2187 filio
1923 2138 2023 2185 com-

492 2215 701 2290 municavit.
755 2213 944 2303 Quatenus
970 2213 1084 2313 igitur
1110 2213 1469 2313 sapiensconsilium
1494 2241 1599 2287 sunm
1621 2216 1819 2290 inocculto
1845 2214 2024 2290 retinebat

491 2319 680 2419 negligere
706 2342 775 2388 nos
802 2328 837 2389 et
862 2342 938 2388 non
961 2341 1088 2389 curare
1111 2315 1319 2413 videbatur;
1348 2315 1480 2391 deinde
1506 2343 1604 2411 vere,
1628 2318 1806 2392 revelatus
1825 2345 1890 2417 per
1907 2316 2023 2390 filium

492 2419 787 2513 dilectissimum,
822 2417 993 2517 patefecit
1026 2443 1119 2515 quae
1142 2417 1229 2493 inde
1256 2417 1303 2491 ab
1327 2417 1431 2491 initio
1457 2433 1585 2517 parata
1611 2434 1731 2515 erant,
1767 2420 1892 2493 omnia
1915 2419 2025 2493 simul

491 2523 618 2596 tribuit
644 2520 772 2614 nobis,
806 2519 878 2592 frui
902 2520 978 2593 suis
1002 2519 1202 2593 beneficiis.
1257 2518 1366 2608 Quod
1402 2520 1483 2618 quis
1520 2547 1694 2619 nmquam
1721 2521 2024 2620 exspectavissct'?

492 2624 629 2701 Omnia
654 2623 766 2722 igitur
793 2649 858 2721 per
896 2648 935 2696 se
974 2621 1112 2694 sciebat
1141 2648 1216 2694 uua
1252 2645 1334 2693 cum
1367 2621 1443 2695 filio
1472 2623 1672 2697 secundnm
1694 2623 1965 2723 providentiam
1981 2624 2024 2721 7).

494 2728 621 2824 ltaque
648 2728 726 2824 ipse
752 2723 852 2798 Deus
879 2750 899 2797 e
925 2722 1037 2797 coelis
1064 2723 1253 2798 vcnmtem
1278 2723 1464 2823 logonque
1498 2740 1664 2798 sanctum
1692 2740 1811 2799 mente
1837 2752 1912 2798 non
1940 2752 2022 2825 per-

493 2826 703 2928 cipiendum
730 2825 778 2899 ad
804 2826 973 2900 homines
1001 2824 1102 2897 misit
1128 2824 1373 2923 cordibusque
1398 2826 1518 2900 infixit
1530 2829 1571 2925 ⁸).
1606 2826 1714 2902 Unde
1729 2828 1849 2902 evcnit
1864 2842 1903 2899 ut
1923 2825 2022 2924 quod

492 2960 513 3005 a
541 2930 690 3003 Socrate
716 2944 790 3001 tam
817 2927 966 3001 difficile
994 2926 1200 3022 haberetur,
1228 2942 1416 3027 parentem
1444 2943 1479 3003 et
1504 2929 1673 3029 opificem
1692 2930 1867 3023 invenire,
1895 2929 2023 3004 inven-

491 3053 567 3109 tum
594 3031 692 3132 apud
719 3056 847 3104 omnes
872 3029 1094 3129 praedicare,
1123 3028 1292 3103 Christus
1309 3056 1375 3103 sua
1395 3030 1510 3129 ipsius
1527 3046 1703 3131 potestate
1720 3031 1908 3131 praestitit.
1952 3029 2022 3104 (lui

493 3136 641 3211 Christo
676 3159 753 3205 non
787 3132 998 3231 philosophi
1037 3146 1177 3204 tantum
1217 3146 1252 3206 ct
1289 3131 1422 3205 literati
1460 3132 1629 3207 homines
1671 3132 1921 3225 crediderunt,
1963 3132 2027 3206 sed

492 3240 600 3314 etiam
625 3233 784 3335 operarii
805 3247 841 3308 et
866 3233 1018 3307 omnino
1045 3232 1184 3306 indocti
1210 3232 1386 3333 gloriam,
1425 3248 1581 3329 metum,
1608 3251 1762 3308 mortem
1790 3248 2027 3307 contemnen-

493 3358 545 3415 tes
561 3341 610 3435 9),
639 3337 701 3435 qui
730 3335 761 3408 si
788 3335 978 3410 utilitatem
1005 3334 1195 3408 doctrinae
1222 3334 1444 3408 christianae
1471 3335 1722 3409 demonstrare
1747 3327 1940 3433 nequeunt,
1969 3361 2026 3408 re-

497 3444 563 3516 bus
608 3456 731 3512 tamen
773 3439 886 3537 gestis
931 3437 1122 3511 utilitatem
1158 3463 1253 3534 quae
1292 3463 1335 3510 ex
1374 3436 1488 3509 animi
1532 3436 1743 3511 inductione
1786 3436 2028 3537 proficiscitur

492 3544 651 3643 probant
667 3543 728 3638 10).

608 3642 751 3733 Quibus
778 3641 951 3741 expositis
977 3640 1192 3739 prinsquam
1225 3659 1455 3715 transeamus
1490 3641 1537 3714 ad
1572 3639 1672 3714 aliud
1700 3639 1798 3738 qnod
1822 3639 2027 3713 doctrinam

493 3749 538 3822 de
556 3751 642 3846 logo
660 3743 892 3844 explanatam
911 3742 1092 3817 illustrare
1105 3743 1231 3843 possit,
1249 3771 1330 3818 eam
1345 3743 1527 3843 imprimis
1547 3744 1666 3842 qualis
1682 3770 1705 3816 a
1720 3738 1868 3815 Justino
1888 3744 2028 3816 exculta

495 3850 558 3943 sit,
592 3847 714 3947 paullo
742 3843 1034 3945 digredientibus
1059 3844 1105 3917 de
1129 3844 1370 3945 inspiratione
1396 3870 1513 3946 pauca
1541 3845 1727 3945 disputare
1752 3844 1869 3917 liceat
1914 3842 2027 3916 Cuius

495 3951 682 4025 doctrinae
700 3946 916 4022 inserendae
933 3945 1163 4019 occasionem
1180 3973 1224 4021 ea
1236 3947 1344 4021 nobis
1358 3948 1448 4021 dant
1461 3974 1553 4045 quae
1572 3946 1882 4021 consentientibus
1900 3946 2042 4047 ceteris,

493 4097 499 4103 .
506 4092 701 4103 ——n-——0-
715 4090 827 4099 -—-n-.

605 4182 632 4253 1)
659 4174 747 4250 Apol.
770 4173 797 4241 Ι,
819 4193 843 4230 c.
867 4175 908 4230 63
931 4189 960 4248 p.
984 4173 1025 4230 96
1049 4169 1172 4231 ancl).

605 4266 634 4334 2)
661 4260 738 4317 nial.
765 4281 789 4317 c.
813 4259 865 4316 Tr.
889 4278 913 4315 c.
937 4259 955 4315 9
978 4278 1008 4336 p.
1033 4260 1094 4317 226
1118 4257 1156 4316 D.

606 4351 636 4422 3)
661 4348 699 4403 ib.
723 4366 747 4403 c.
772 4349 813 4404 56
837 4365 865 4423 p.
890 4346 950 4402 275
976 4343 1010 4403 C.

604 4436 635 4508 4)
660 4433 749 4511 Apol.
773 4431 797 4495 1.
821 4451 845 4489 c.
871 4433 910 4489 23
933 4449 963 4508 p.
988 4432 1028 4489 68
1051 4430 1085 4489 Β.

605 4524 633 4598 5)
657 4520 747 4597 Apol.
771 4518 813 4588 11,
837 4538 860 4576 c.
887 4518 904 4575 5
928 4536 955 4594 p.
983 4517 1022 4574 52
1045 4516 1081 4574 B.

606 4612 638 4686 6)
661 4606 729 4663 Tar.
754 4604 805 4665 Or.
828 4604 867 4663 ad
890 4601 944 4661 Gr.
967 4624 991 4661 c.
1016 4606 1055 4661 1⁶2
1079 4623 1107 4681 p.
1134 4605 1194 4660 152
1216 4603 1251 4662 B.

608 4694 635 4770 l)
660 4692 756 4770 Epist.
779 4692 817 4749 ad
840 4691 950 4764 Diogn.
974 4710 998 4745 c.
1020 4691 1039 4747 8
1064 4709 1093 4766 p.
1116 4692 1176 4748 499
1200 4689 1238 4747 D.

605 4782 634 4859 8)
660 4780 698 4836 ib.
721 4800 746 4836 e.
771 4781 787 4836 7
812 4797 841 4855 p.
867 4778 928 4835 498
953 4775 1014 4834 BC.

607 4869 635 4943 9)
659 4865 740 4924 Just.
766 4865 854 4942 Apol.
879 4863 921 4933 ΙΙ,
945 4885 969 4921 c.
994 4865 1034 4921 10
1057 4880 1086 4938 p.
1109 4862 1149 4916 48
1173 4858 1209 4929 Ε,
1233 4862 1274 4919 49
1299 4863 1334 4918 Α.
1359 4859 1448 4936 Apol.
1471 4860 1493 4928 Ι,
1518 4880 1542 4919 e.
1567 4861 1607 4918 oc
1632 4880 1660 4935 p.
1684 4859 1723 4914 93
1748 4853 1812 4913 CD.

588 4955 634 5031 11))
660 4954 769 5012 Athen.
793 4937 897 5029 Suppl.
922 4971 945 5007 c.
971 4952 1023 5042 11Ι
1033 4967 1062 5025 p.
1088 4948 1126 5003 1‘2
1152 4946 1188 5001 A.
