5034 6084
1259 658 1307 728 51

513 863 593 912 esse
619 841 708 915 dicit
719 840 759 939 1),
787 839 980 939 ipsumque
1005 838 1147 938 plasma
1173 841 1272 938 quod
1299 840 1398 914 Deus
1424 840 1580 936 finxerit,
1608 841 1758 915 domum
1783 841 1894 916 fuisse
1922 844 2041 944 exspi-

512 942 665 1018 rationis
684 942 754 1017 Dei
771 945 814 1040 2).
867 940 971 1031 Quae
993 940 1141 1038 quidem
1168 957 1290 1042 partes
1316 956 1391 1015 tam
1418 957 1517 1017 arcta
1541 942 1808 1018 necessitudine
1825 945 2040 1020 coniunctae

512 1060 611 1140 sunt,
646 1061 685 1118 ut
707 1071 826 1144 neque
853 1044 994 1138 anima,
1029 1069 1146 1140 neque
1174 1069 1306 1143 corpus
1333 1044 1510 1119 dicendus
1538 1045 1585 1118 sit
1610 1046 1744 1137 homo,
1782 1045 1845 1118 sed
1870 1047 1969 1143 quod
1994 1076 2039 1123 ex

509 1148 701 1222 amborum
730 1147 922 1247 complexu
947 1159 1097 1238 constet,
1132 1145 1339 1221 nominetur
1365 1146 1498 1243 hom03
1537 1148 1589 1221 ita
1614 1162 1653 1221 ut
1677 1172 1797 1245 neque
1823 1148 1948 1223 anima
1974 1177 2037 1226 ne·

508 1276 580 1349 que
606 1274 737 1349 corpus
765 1248 882 1322 soluto
910 1246 1177 1321 coniunctionis
1201 1248 1367 1343 vineu10,
1395 1250 1548 1322 seorsim
1576 1252 1697 1323 facere
1724 1247 1925 1347 quidquam
1952 1280 2036 1352 pos·

508 1353 590 1447 sint,
617 1349 929 1450 quemadmodum
955 1349 1104 1449 in'iugo
1129 1349 1253 1443 boum,
1279 1350 1310 1424 si
1336 1351 1426 1424 alter
1450 1350 1496 1424 ab
1520 1352 1635 1425 altero
1661 1350 1883 1449 seiungatur,
1910 1368 2037 1429 neuter

507 1447 612 1529 arare
637 1454 752 1553 possit
767 1454 808 1552 ³).
861 1451 985 1542 Quare
1018 1450 1127 1526 etiam
1162 1477 1310 1526 carnem
1339 1478 1405 1553 per
1438 1453 1619 1554 seipsam
1646 1477 1799 1553 peccare
1827 1479 1902 1526 non
1928 1482 2035 1555 posse

507 1555 704 1650 contendit,
722 1555 794 1629 nisi
814 1554 976 1628 animam
994 1570 1228 1654 praeeuntem
1248 1558 1353 1653 quasi
1372 1568 1407 1628 et
1423 1570 1684 1654 provocantem
1700 1553 1892 1648 habeat4).
1931 1556 2035 1647 Quae

505 1658 717 1732 firmissima
742 1656 950 1731 coniunctio
973 1656 1119 1730 animae
1146 1681 1228 1729 cum
1253 1681 1407 1756 corpore
1426 1656 1534 1731 etiam
1553 1658 1640 1732 inde
1661 1656 1909 1754 concludatur,
1936 1661 2034 1757 quod

506 1760 631 1834 diuina
655 1760 817 1833 hominis
842 1758 967 1858 imago
994 1758 1103 1831 etiam
1131 1757 1179 1832 ad
1205 1782 1353 1834 carnem
1380 1785 1402 1832 a
1429 1756 1576 1833 lustina
1602 1759 1842 1833 transferatur
1877 1776 1913 1835 et
1943 1762 2034 1838 haec

506 1889 590 1936 caro
624 1862 807 1935 honorata
837 1860 935 1959 apud
971 1861 1087 1935 Deum
1123 1886 1305 1959 supraque
1340 1860 1465 1934 omnia
1490 1861 1559 1936 Dei
1587 1888 1699 1961 opera
1724 1860 1861 1935 nobilis
1888 1877 1923 1937 et
1947 1892 2033 1964 pro-

504 1983 628 2066 pterea
655 1964 784 2039 merito
811 1989 899 2037 saue
925 1989 947 2035 a
971 1962 1049 2036 Deo
1074 1961 1254 2037 servanda
1283 1962 1424 2037 dicatur
1442 1964 1484 2062 5).
1537 1964 1663 2062 ltaque
1690 1963 1831 2061 quaerit
1845 1963 2031 2040 Justinus:

504 2065 604 2158 Quid
640 2080 694 2140 est
726 2066 855 2160 homo,
892 2064 964 2138 nisi
991 2090 1042 2140 e»
1068 2065 1194 2138 anima
1222 2079 1258 2138 et
1284 2091 1437 2165 corpore
1465 2083 1637 2139 constans
1664 2065 1802 2140 animal
1828 2066 2031 2143 rationale?

503 2183 690 2266 totumque
714 2167 903 2241 hominem
930 2166 977 2240 ab
1005 2167 1130 2240 anima
1156 2179 1191 2240 et
1217 2189 1371 2268 corpore
1406 2168 1585 2241 contineri
1617 2181 1719 2268 putat
1732 2169 1774 2266 6).
1835 2166 2031 2269 Quumque

504 2271 590 2345 huic
616 2269 768 2365 homini,
792 2296 836 2343 ex
862 2294 1015 2369 corpore
1041 2284 1076 2344 et
1101 2268 1226 2342 anima
1253 2269 1466 2369 composit0,
1494 2270 1586 2344 ratio
1611 2286 1647 2345 et
1662 2270 1819 2344 liberum
1840 2270 2031 2345 arbitrium

502 2373 698 2467 tribuatur,
730 2371 833 2445 alteri
869 2371 1015 2446 animae
1047 2371 1143 2472 parti
1176 2370 1234 2444 vel
1268 2372 1394 2447 tertiae
1425 2371 1571 2445 cuidam
1602 2372 1711 2446 totius
1746 2371 1909 2446 hominis
1935 2376 2029 2473 parti

502 2476 603 2548 locus
628 2501 704 2547 non
731 2474 957 2572 relinquitur.

614 2577 692 2650 lam
716 2577 747 2649 si
772 2576 975 2675 quaeritur,
1008 2602 1191 2675 quaenam
1217 2576 1474 2675 philosophiae
1496 2576 1655 2649 formula
1680 2576 1719 2648 in
1745 2576 1803 2650 his
1842 2580 2029 2654 sententiis

501 2679 704 2753 accuratius
732 2679 1007 2752 conformandis
1034 2680 1108 2752 vim
1133 2678 1312 2773 habuerit,
1348 2678 1582 2753 Dunckerum
1612 2678 1734 2774 secuti,
1771 2681 2028 2780 cognationem

501 2782 737 2882 agnoscimus
763 2780 979 2880 placitorum
1006 2779 1144 2855 luscini
1170 2805 1252 2854 cum
1281 2779 1487 2854 Stoicorum
1514 2780 1560 2855 de
1586 2781 1750 2881 partibus
1777 2796 1928 2857 naturae
1959 2785 2026 2856 hu·

500 2910 641 2957 manae.
704 2882 826 2973 Quum
854 2883 952 2956 enim
980 2897 1019 2956 ut
1049 2909 1159 2981 supra
1185 2882 1412 2956 ostendimus
1439 2908 1563 2957 semen
1590 2889 1651 2955 τοῦ
1676 2888 1788 2976 λόγου
1815 2884 2027 2959 hominibus

499 2986 659 3078 insitum,
685 2984 813 3057 mundi
841 2984 887 3057 sit
913 2986 969 3059 vis
992 2985 1161 3057 animans
1190 3000 1225 3057 et
1247 2983 1439 3058 continens
1465 2999 1500 3058 et
1522 3011 1647 3060 semen
1675 2986 1770 3060 vitae
1796 2986 2024 3081 immortalis,

499 3089 619 3188 ipsum
646 3088 718 3160 hoc
749 3113 873 3160 semen
900 3085 1038 3160 Justini
1065 3085 1243 3160 sententia
1270 3085 1414 3159 tertiam
1442 3086 1640 3183 quamdam
1663 3086 1847 3162 humanae
1873 3103 2025 3164 naturae

497 3205 647 3289 partem,
674 3189 877 3262 irrationali
903 3189 1048 3268 animae
1075 3187 1281 3289 oppositam
1308 3204 1343 3262 et
1368 3188 1588 3289 contrariam
1611 3215 1784 3263 essenon
1803 3215 1921 3289 posse,
1948 3192 2024 3265 cui·
2137 3269 2140 3274 ,

496 3292 552 3365 vis
588 3291 694 3365 facile
731 3291 916 3365 intellectu
952 3305 1015 3365 est.
1078 3290 1179 3364 Sicut
1215 3291 1315 3365 enim
1349 3288 1463 3363 Stoici
1498 3289 1799 3392 distinguendum
1825 3318 1904 3366 esse
1930 3292 2026 3369 inter
2117 3325 2121 3335 ·

497 3394 712 3468 rationalem
739 3409 774 3467 et
798 3394 1047 3468 irrationalem
1069 3407 1209 3491 partem
1233 3392 1379 3466 animae
1405 3392 1601 3493 negabant,
1626 3420 1739 3492 quum
1760 3394 1799 3465 in
1818 3394 1942 3469 anima
1959 3421 2025 3496 per

496 3524 534 3571 se
562 3495 733 3569 rationali
759 3495 833 3570 vim
860 3503 1057 3593 quamdam
1084 3494 1379 3595 gubernatricem
1401 3521 1481 3568 esse
1508 3507 1713 3591 statuerent,
1742 3522 1896 3594 eamque
1922 3498 2024 3597 prin·

496 3598 631 3697 cipium
657 3598 820 3670 omnium
846 3599 991 3671 animae
1015 3597 1201 3670 actionum
1226 3596 1420 3690 haberent,
1459 3597 1681 3671 intellectum
1713 3599 1908 3693 (διάνοιαν)
1942 3627 2023 3674 eam

495 3715 530 3774 et
554 3699 776 3799 principium
804 3700 990 3799 cogitandi
1017 3712 1125 3798 atque
1151 3698 1375 3773 assentiendi
1402 3714 1574 3773 vocarent
1590 3700 1632 3799 7),
1656 3700 1707 3774 ita
1729 3701 1838 3776 etiam
1856 3699 2022 3775 «lustinus

603 3937 632 4009 1)
657 3932 737 3992 Dial.
762 3952 786 3991 c.
809 3932 859 3992 Fr.
881 3951 906 3991 c.
932 3935 972 3992 62
996 3952 1024 4010 p.
1040 3932 1101 3991 285
1117 3930 1152 3991 (l.
1176 3965 1272 3976 -—
1290 3926 1326 3989 ui
1350 3935 1479 4008 στοιχεῖα
1502 3928 1635 3989 τουτέστι
1659 3929 1710 4007 τὴν
1732 3931 1783 4006 γῆν
1807 3932 1856 3990 καὶ
1879 3930 1915 3989 τοὶ
1938 3927 2019 3991 ἄλλο

492 4020 604 4097 ὁμοίως
627 4019 658 4091 ἐξ
680 4010 720 4077 ὧν
743 4020 865 4095 νοοῦμεν
888 4014 943 4079 adr
964 4011 1128 4093 ἄνθρωπον
1151 4018 1307 4094 γεγονέναι·
1352 4017 1474 4093 Fragm.
1497 4015 1535 4075 de
1557 4035 1665 4075 rasum.
1688 4036 1713 4074 c.
1737 4017 1755 4076 5
1780 4037 1809 4095 p.
1825 4020 1884 4078 591
1902 4007 1943 4078 E:
1968 4016 2020 4096 alp

492 4107 545 4168 arrii
571 4102 808 4181 πρωτοπλοὶσοου
830 4104 939 4182 γεόοοιο
963 4100 1011 4164 ὅτι
1033 4103 1065 4165 ἐκ
1089 4105 1140 4181 γῆς
1162 4100 1220 4163 ὑπὸ
1243 4105 1318 4167 θεοῦ
1340 4104 1465 4181 γέγονεν.
1487 4102 1526 4163 ib.
1548 4122 1572 4160 c.
1598 4105 1615 4161 7
1639 4122 1668 4180 p.
1694 4104 1756 4163 592
1780 4104 1847 4164 DE.

601 4194 629 4273 2)
652 4193 731 4252 Dial.
755 4213 781 4252 c.
805 4194 857 4253 Tr.
880 4212 905 4252 c.
928 4195 970 4253 40
993 4212 1023 4271 p.
1047 4193 1108 4269 259
1132 4191 1172 4249 A.
1576 4185 1584 4196 ’

601 4282 630 4361 3)
652 4280 771 4356 Fragm.
794 4280 833 4340 de
854 4299 963 4340 resurr.
985 4298 1010 4339 c.
1036 4280 1054 4337 7
1078 4298 1108 4357 p.
1132 4278 1198 4337 593<
1217 4277 1246 4335 A
1268 4296 1294 4340 ο.
1312 4277 1341 4336 8.
1363 4295 1394 4354 p.
1418 4276 1481 4334 593
1504 4273 1539 4333 B.

595 4369 631 4534 dl
649 4366 837 4529 gagudei·
856 4366 1012 4512 inditiis.
1036 4454 1054 4511 7
1076 4470 1106 4529 p.
1130 4447 1249 4509 592E:
1285 4442 1349 4506 alra
1372 4444 1437 4509 noir
1460 4438 1513 4503 οὐκ
1537 4438 1652 4502 ἄτοπον
1675 4441 1726 4523 τὴν
1748 4441 1803 4505 tm·
1830 4447 1905 4509 θεοῦ
1918 4441 2017 4521 σάρκα

492 4544 681 4601 κλασθεῖσοο
705 4535 767 4599 κατ’
794 4535 893 4599 εἰκόνα
916 4535 967 4615 τὴν
990 4536 1098 4599 ἑαυτοῦ
1122 4531 1248 4613 φάσκειν
1269 4526 1374 4609 ἄτομον
1397 4527 1472 4593 εἶναι
1495 4524 1544 4588 καὶ
1568 4524 1691 4599 οὐδενὸς
1714 4527 1820 4608 ἀξίαις
1852 4554 1882 4614 p,
1902 4535 1965 4594 593
1982 4533 2017 4593 Β,

600 4630 630 4706 6)
654 4627 693 4688 ib.
717 4646 742 4685 c.
764 4628 784 4686 8
806 4647 836 4705 p.
861 4628 923 4686 593
942 4626 989 4685 D:
1021 4621 1053 4685 τί
1071 4620 1127 4702 γάρ
1151 4620 1228 4683 ἐστιν
1251 4616 1267 4680 ὁ
1291 4613 1457 4694 ἅνθρωπος
1486 4612 1552 4675 ἀλλ’
1585 4611 1600 4693 ἢ
1631 4613 1664 4675 τὰ
1696 4615 1728 4678 ἐκ
1758 4620 1857 4698 ψυχῆς
1884 4615 1933 4680 καὶ
1963 4622 2017 4679 on.

490 4737 585 4791 ματος
621 4710 762 4781 συνεστὸς
788 4710 863 4783 ζῶον
895 4709 1032 4790 loytuda3
1132 4708 1251 4785 κέκληκε
1276 4702 1291 4769 ὁ
1317 4702 1391 4772 θεὸς
1413 4701 1453 4771 εἰς
1474 4699 1639 4763 ἀνάστασιν
1662 4700 1714 4764 τὸν
1736 4699 1901 4783 ἄνθρωπον
1925 4702 1959 4766 οὐ
1983 4703 2017 4765 τὸ

490 4802 579 4880 μέρος
603 4797 683 4860 ἀλλὰ
707 4798 741 4860 τὸ
765 4794 836 4858 ὅλου
860 4798 1007 4875 κέκληκεν,
1032 4793 1105 4874 ὅπερ
1129 4792 1189 4856 ἐστὶ
1212 4791 1264 4870 τὴν
1286 4789 1384 4872 ψυχὴν
1406 4786 1456 4851 καὶ
1478 4787 1512 4850 τὸ
1537 4790 1633 4864 σῶμα.

598 4887 632 4969 7)
654 4887 692 4947 el.
724 4889 807 4949 Sext.
838 4886 927 4966 Emp.
960 4884 1028 4945 adv.
1058 4883 1153 4947 Math.
1179 4882 1237 4941 IX.
1266 4882 1329 4942 102
1360 4878 1441 4959 apud
1472 4878 1571 4936 Ritter
1601 4885 1632 4935 et
1657 4876 1775 4937 Preller
1797 4878 1817 4938 1.
1840 4880 1859 4940 l.
1881 4900 1909 4939 n.
1933 4881 2017 4939 416:

490 4973 587 5053 πάσης
608 4970 664 5052 γὰρ
687 4972 806 5051 φύσεως
837 4967 887 5032 καὶ
913 4973 1013 5051 ψυχῆς
1042 4967 1058 5048 ἡ
1090 4965 1220 5048 καοαρχο)
1244 4967 1297 5045 τῆς
1319 4961 1459 5043 κινήσεως
1480 4962 1633 5062 γί)οεσθαι
1654 4964 1740 5024 δοκεῖ
1758 4960 1819 5025 ἀπὸ
1842 4962 2015 5043 ἡγεμονικοῦ

489 5058 539 5121 καὶ
563 5063 657 5122 πᾶσαι
681 5058 717 5130 αἱ
738 5055 785 5122 e'ni
809 5056 938 5137 τὰμέρη
960 5059 1013 5119 τοῦ
1036 5055 1109 5119 ὅλου
1132 5049 1421 5131 ε’ξαποστελλόμεκοιι
1445 5046 1647 5127 darantasia
1670 5045 1731 5111 ἀπό
1756 5073 1834 5121 τινος
1856 5052 2015 5131 πηγῆςοοῖι

1635 5160 1684 5235 7*
