5034 6084
1160 625 1205 696 66

429 811 622 911 quemdam
650 810 773 885 laudat
796 810 911 884 libelli
939 809 984 884 de
1011 810 1275 884 resurrectione
1301 823 1527 883 mortuorum
1546 809 1597 908 1),
1634 838 1705 910 quo
1741 812 1956 913 Athenago-

429 942 508 988 ram
535 914 581 988 de
609 912 859 988 recordatione
881 912 1086 986 animarum
1114 912 1318 1011 disputasse
1344 910 1443 984 dicit.

543 1014 645 1105 Quae
672 1014 819 1113 quidem
849 1014 1025 1089 sententia
1051 1027 1173 1087 utrum
1187 1017 1298 1088 'recta
1328 1012 1374 1087 sit
1409 1040 1544 1111 necne,
1575 1014 1725 1114 etquid
1761 1014 1808 1090 de
1833 1014 1956 1089 Plato·

429 1118 549 1191 nismo
577 1118 836 1216 Athenagorae
863 1117 901 1188 in
929 1116 1004 1191 eius
1033 1116 1078 1190 de
1105 1116 1268 1190 humana
1293 1128 1424 1188 natura
1449 1116 1625 1191 doctrinis
1643 1116 1881 1191 iudicandum
1902 1117 1958 1213 sit,

431 1233 529 1293 nun'c
551 1219 589 1291 in
616 1218 738 1292 medio
762 1219 1002 1316 relinquatur,
1029 1231 1065 1292 et
1090 1217 1254 1291 nondum
1279 1217 1514 1315 decernatur,
1540 1233 1661 1293 utrum
1687 1220 1751 1292 illo
1778 1246 1801 1292 a
1821 1218 1959 1293 Claris-

432 1322 485 1395 sio
513 1323 592 1394 loco
619 1320 783 1415 laudato,
811 1320 849 1393 id
874 1320 973 1419 quod
995 1320 1150 1393 voluerit
1174 1320 1231 1393 vir
1257 1319 1404 1415 doctus,
1427 1348 1467 1395 re
1491 1347 1578 1397 vera
1601 1321 1838 1395 contineatur.
1875 1320 1958 1411 Quo

431 1423 570 1496 cautius
596 1448 768 1522 agamuS,
795 1423 1003 1522 proximum
1030 1422 1119 1516 erit,
1157 1435 1196 1495 ut
1221 1420 1481 1522 Athenagorae
1516 1422 1562 1497 de
1594 1424 1777 1498 humanae
1808 1437 1961 1496 naturae

430 1524 595 1625 partibus
622 1524 817 1598 sententias
840 1549 1112 1617 recenseamus,
1140 1549 1183 1597 ac
1202 1537 1280 1597 tum
1304 1523 1461 1600 demum
1477 1525 1756 1626 investigemus,
1780 1551 1961 1623 quaenam

432 1626 478 1699 sit
502 1626 756 1725 philosophiae
790 1627 947 1699 formula
974 1651 1156 1723 quamque
1181 1625 1255 1698 vim
1284 1626 1323 1697 in
1352 1625 1518 1701 doctrina
1544 1627 1622 1701 eius
1648 1628 1851 1701 accuratius
1874 1652 1961 1700 con-

431 1727 625 1801 formanda
650 1728 828 1802 habuerit.

543 1830 800 1929 Athenagoras
833 1830 872 1904 in
899 1829 1107 1905 definienda
1133 1844 1264 1904 natura
1290 1829 1452 1904 humana
1477 1845 1600 1930 aperte
1625 1857 1648 1904 a
1673 1830 1811 1904 biblica
1836 1855 1962 1902 narra·

431 1930 529 2006 tione
556 1930 648 2006 Gen.
673 1932 690 2004 l
717 1945 752 2006 et
777 1931 812 2005 Π
836 1932 1078 2031 proficiscitur
1096 1933 1139 2032 2).
1192 1930 1305 2006 Cuius
1321 1932 1572 2007 auctoritatem
1589 1948 1742 2026 secutus,
1773 1932 1961 2004 hominem

433 2033 574 2107 duabus
601 2033 766 2133 partibus
794 2050 961 2108 constare
988 2034 1093 2129 dicit,
1119 2034 1243 2107 anima
1270 2048 1305 2109 et
1331 2059 1483 2133 corpore
1499 2036 1542 2134 ὅ).
1594 2034 1723 2133 Neque
1749 2033 1873 2106 anima
1897 2059 1963 2131 per

434 2162 471 2209 se
495 2136 630 2234 ipsam,
657 2161 776 2233 neque
804 2160 935 2235 corpus
957 2164 1023 2236 per
1050 2164 1088 2211 se
1116 2137 1193 2210 sine
1218 2136 1360 2230 anima,
1402 2136 1564 2210 hominis
1589 2137 1778 2210 notionem
1803 2134 1961 2235 perlicit3

433 2236 596 2311 hnmana
631 2251 796 2310 creatura
829 2236 973 2338 integra
1009 2252 1063 2312 est
1093 2237 1243 2312 nonnisi
1282 2237 1425 2311 duabus
1459 2238 1592 2336 quibus
1628 2252 1769 2312 constat
1797 2234 1963 2336 partibus

432 2338 740 2438 permanentibus.
792 2339 919 2438 Itaque
944 2367 1064 2439 neque
1090 2340 1159 2414 soli
1190 2340 1336 2414 animae
1369 2353 1521 2415 naturae
1554 2366 1672 2438 neque
1706 2339 1870 2439 corporis
1895 2364 1963 2411 na-

433 2456 535 2515 turae
562 2440 758 2539 separatim
783 2441 883 2516 Deus
906 2443 1127 2518 creationem
1154 2455 1216 2515 aut
1239 2442 1353 2515 vitam
1375 2454 1410 2516 et
1434 2455 1548 2515 totam
1573 2442 1668 2517 vitae
1695 2442 1875 2515 rationem
1898 2439 1961 2513 de-

434 2543 596 2634 stinavit,
625 2541 689 2616 sed
716 2542 918 2618 coniunctis
946 2572 991 2619 cx
1015 2558 1169 2643 utroque
1194 2543 1418 2639 hominibus,
1445 2558 1484 2616 ut
1510 2543 1643 2642 quibus
1669 2569 1715 2617 ex
1739 2543 1849 2617 rebus
1874 2566 1962 2615 con-

434 2656 530 2717 stant
561 2644 680 2717 statim
712 2663 903 2720 nascentes
937 2661 971 2721 et
1002 2645 1134 2743 quibus
1170 2645 1315 2740 vivunt,
1348 2670 1431 2719 cum
1464 2645 1595 2720 iisdem
1627 2644 1702 2720 vita
1734 2650 1884 2745 peracta
1914 2642 1962 2715 ad

433 2772 546 2818 unum
583 2746 741 2843 aliquem
777 2761 812 2819 et
847 2773 1077 2821 communem
1116 2748 1332 2847 perveniant
1374 2748 1497 2822 finem.
1567 2747 1689 2837 Quare
1727 2772 1874 2823 necesse
1910 2759 1964 2819 est

434 2847 585 2921 omnino
612 2863 651 2920 ut
677 2874 789 2946 quum
816 2876 860 2924 ex
885 2850 1048 2949 utrisque
1073 2876 1187 2922 unum
1214 2849 1260 2922 sit
1281 2849 1418 2923 animal
1445 2850 1538 2945 (ἑνὸς
1563 2850 1661 2930 ὄντος
1686 2851 1723 2936 ἐξ
1747 2848 1962 2943 ἀμφοτέρων

433 2956 543 3044 inico)
571 2950 658 3047 quia
683 2976 932 3049 quaecumque
958 2952 1083 3025 anima
1103 2965 1138 3026 et
1156 2976 1288 3050 corpus
1306 2951 1450 3050 patitur,
1476 2967 1656 3052 operatur,
1683 2952 1834 3052 perlicit,
1851 2977 1962 3048 quae·

435 3078 589 3152 cumque
616 3078 787 3125 sensuum
814 3069 876 3127 aut
907 3054 1058 3128 rationis
1087 3053 1223 3127 iudicio
1259 3054 1510 3150 continentur,
1539 3071 1614 3128 tota
1635 3053 1815 3128 eiusmodi
1841 3078 1963 3126 rerum

435 3155 545 3229 series
571 3154 619 3227 ad
646 3180 760 3228 unum
785 3155 945 3254 aliquem
969 3157 1081 3230 finem
1106 3155 1302 3249 referatur,
1323 3170 1369 3241 ut
1393 3156 1518 3230 omnia
1535 3156 1575 3229 in
1596 3156 1768 3229 omnibus
1784 3155 1832 3228 ad
1849 3181 1964 3227 unum

435 3269 650 3331 concentum
676 3257 916 3356 eamdemque
946 3258 1111 3332 omnium
1137 3256 1368 3330 affectionum
1396 3259 1605 3333 societatem
1631 3271 1867 3353 concurrant,
1895 3256 1962 3328 ho-

438 3358 547 3431 minis
571 3358 721 3452 creatio,
746 3372 893 3454 natura,
917 3360 1010 3453 vita,
1039 3359 1200 3433 actiones
1226 3372 1262 3432 et
1287 3360 1559 3458 perpessiones,
1596 3360 1690 3434 vitae
1716 3359 1808 3432 ratio
1833 3373 1868 3433 et
1893 3384 1960 3430 na-

435 3475 537 3533 turae
563 3460 786 3536 conveniens
806 3462 901 3535 finis.
956 3460 1098 3551 Quibus
1125 3460 1313 3534 sententiis
1342 3462 1599 3537 convenienter
1626 3459 1829 3560 siquando
1856 3459 1962 3558 quasi

442 3587 505 3661 per
533 3588 571 3634 se
607 3561 726 3659 ipsam
760 3578 926 3637 constare
954 3563 1090 3663 possit,
1125 3562 1171 3636 de
1204 3562 1329 3636 anima
1363 3563 1465 3661 loqui
1496 3564 1660 3638 videatur
1694 3563 1964 3662 Athenagoras,

437 3663 715 3762 intelligendum
741 3677 811 3760 est,
851 3679 1038 3764 praeterea
1071 3690 1189 3762 neque
1216 3666 1328 3738 semel
1351 3679 1510 3761 tantum,
1547 3666 1709 3739 animam
1748 3692 1859 3763 quam
1898 3691 1964 3763 per

437 3767 600 3864 corporis
627 3764 794 3838 membra
827 3765 997 3839 diffusam
1029 3766 1118 3841 dicit
1137 3767 1188 3866 4),
1222 3792 1288 3866 per
1322 3793 1360 3840 se
1394 3767 1488 3840 nihil
1520 3768 1641 3842 valere
1675 3767 1809 3867 apertis
1841 3764 1964 3842 verbis

437 3866 633 3941 contendit.
687 3867 744 3940 Ex
772 3893 846 3966 qua
872 3869 1077 3943 necessaria
1109 3869 1255 3942 animae
1289 3893 1370 3941 cum
1403 3894 1555 3971 corpore
1588 3869 1844 3943 coniunctione
1879 3895 1981 3967 gra.

438 3969 628 4042 vissimum
664 3969 753 4068 petit
783 3984 1038 4091 argumentum
1071 3970 1345 4070 Athenagoras,
1384 3997 1457 4069 quo
1496 3971 1731 4045 christianam
1765 3971 1811 4045 de
1846 3996 1965 4044 resur·

437 4071 597 4144 rectione
623 4086 850 4145 mortuorum
880 4072 1084 4146 doctrinam
1111 4071 1283 4147 defendat
1309 4086 1344 4146 et
1364 4072 1529 4147 illustret.
1590 4072 1658 4146 Est
1683 4088 1802 4146 autem
1827 4071 1964 4173 cogita-

439 4173 578 4245 tionum
596 4173 706 4248 series
725 4174 834 4248 haec:
861 4173 901 4247 Si
926 4202 1020 4248 unus
1042 4174 1175 4273 aliquis
1199 4188 1253 4248 est
1276 4174 1385 4248 totius
1410 4175 1579 4249 animalis
1605 4189 1802 4250 concentus
1825 4200 1965 4249 rerum-

439 4301 509 4372 que
532 4276 696 4348 omnium
722 4276 893 4369 societas,
933 4277 1008 4351 sive
1042 4276 1089 4350 ab
1123 4276 1248 4350 anima
1280 4277 1573 4375 proficiscantur,
1609 4278 1683 4351 sive
1718 4294 1870 4376 corpore
1892 4275 1966 4349 effi-

549 4521 580 4594 1)
606 4539 630 4576 c.
654 4520 703 4577 14.

546 4608 579 4683 2)
603 4605 708 4683 Suppl.
730 4627 754 4665 c.
780 4609 819 4665 33
842 4627 871 4685 p.
888 4607 966 4665 174:
990 4600 1036 4664 ὅτι
1060 4602 1089 4665 ἐι·
1111 4600 1183 4682 ἀρχῇ
1209 4601 1223 4664 ὁ
1248 4590 1320 4671 &iic
1343 4600 1393 4663 ἕνα
1417 4598 1511 4682 ἄνδρα
1535 4601 1645 4665 ἔπλασε
1669 4601 1720 4665 καὶ
1741 4606 1810 4683 μίαν
1833 4609 1966 4681 γυναῖκα.

440 4691 485 4753 cf.
511 4689 587 4751 Gon.
610 4691 635 4761 Ι,
660 4694 710 4751 27,
1430 4732 1436 4740 .

546 4777 578 4856 3)
601 4778 649 4836 De
671 4784 825 4837 resurrect.
848 4775 909 4835 ἔστι
930 4773 982 4850 μὲν
1005 4775 1061 4854 γὰρ
1085 4767 1178 4842 οὗτος
1200 4772 1230 4834 ἐκ
1254 4776 1352 4853 ψυχῆς
1375 4773 1423 4836 καὶ
1447 4773 1652 4852 adposcere.
1678 4779 1735 4851 123
1758 4779 1848 4850 e.13;
1870 4774 1965 4847 c.18;

438 4886 463 4925 c.
488 4868 544 4924 21:
569 4861 701 4939 λέγοι-τες
724 4860 827 4940 ὀρθῶς
850 4858 899 4921 διὰ
924 4861 957 4921 τὸ
980 4862 1051 4940 μίαν
1074 4860 1105 4934 ἐξ
1126 4860 1305 4939 ἀμφοτέρων
1328 4859 1401 4923 εἶναι
1425 4863 1475 4940 τὴν
1499 4863 1605 4941 rurirov
1629 4859 1713 4939 ζωήν.

544 4949 578 5031 4)
601 4953 619 5010 l.
643 4952 661 5009 l.
684 4972 708 5009 c.
733 4955 782 5011 16.
806 4984 844 4992 -
868 4982 908 4991 -
932 4946 998 5009 οὐδ’
1025 4944 1123 5027 ἐπειδὴ
1146 4945 1297 5028 χωρισμὸς
1320 4951 1415 5027 ψυχῆς
1437 4948 1497 5009 ἀπὸ
1530 4951 1586 5009 τῶν
1618 4951 1668 5008 τοῦ
1698 4946 1836 5026 σώματος
1866 4949 1965 5024 μερῶν

439 5035 487 5096 καὶ
509 5038 620 5114 pupion-
645 5034 779 5105 διάλυσις
803 5032 852 5113 τὴν
876 5038 977 5115 συνεχῆ·
1000 5036 1153 5096 διακόπτει
1177 5031 1262 5112 ζωήν,
