5034 6084
1234 643 1285 714 40

491 858 571 904 rum
599 828 875 904 definitionibus
904 855 995 926 quac
1021 827 1131 900 totius
1157 826 1325 901 ethnicae
1350 827 1538 928 cogitandi
1555 828 1707 901 rationis
1724 827 1896 928 propriae
1912 843 2025 924 erant,

492 933 709 1032 apologetae
735 946 809 1004 tarn
837 930 955 1004 securi
981 930 1192 1022 utebantur,
1238 943 1278 1003 ut
1303 927 1469 1002 Platonis
1493 931 1600 1003 effata
1626 930 1674 1002 ad
1701 930 1866 1029 ipsorum
1891 929 2025 1003 doctri-

492 1062 577 1107 nam
605 1035 770 1107 omnium
798 1032 1061 1132 intelligentiae
1094 1029 1447 1104 accommodandam
1486 1032 1656 1106 afferrent
1690 1049 1725 1106 et
1759 1046 2024 1133 compararent.

491 1139 631 1210 Auctor
654 1134 804 1234 quidem
831 1134 1105 1208 Cohortationis
1133 1132 1181 1205 ad
1199 1131 1362 1208 Graecos
1387 1132 1540 1207 eandem
1568 1134 1614 1208 de
1640 1134 1784 1234 Sibylla
1805 1134 2025 1207 vaticinante

491 1238 665 1313 habuisse
693 1236 834 1311 videtur
856 1237 1091 1331 sententiam,
1119 1261 1228 1333 quam
1254 1235 1300 1310 de
1325 1230 1514 1334 prophetis
1541 1236 1743 1335 inspiratiS,
1784 1238 1816 1309 si
1843 1236 1948 1332 dicit,
1981 1236 2024 1308 il-

492 1344 565 1414 lam
602 1367 679 1413 non
711 1349 902 1439 poctarum
936 1339 1052 1411 instar
1094 1337 1268 1411 habuisse
1308 1337 1513 1410 facultatem
1550 1339 1760 1437 corrigendi
1792 1354 1828 1413 et
1860 1338 2023 1433 lirnandi,

491 1443 707 1543 praesertim
734 1441 842 1514 iniis
877 1467 971 1539 quae
1005 1440 1053 1513 ad
1086 1453 1293 1513 accuratam
1328 1465 1564 1513 numerorum
1597 1440 1774 1516 rationem
1807 1442 2024 1540 pertineant,

492 1545 556 1619 sed
582 1545 622 1616 in
647 1544 727 1644 ipso
755 1542 899 1616 afflatus
924 1558 1088 1642 tempore
1113 1540 1340 1614 vaticinandi
1366 1568 1517 1615 munere
1536 1542 1698 1614 functam
1720 1570 1809 1637 esse,
1836 1541 2025 1616 desinente

491 1661 611 1720 autem
638 1645 763 1719 afflatu
787 1644 939 1720 desiisse
968 1670 1114 1742 quoque
1138 1643 1321 1717 dictorum
1348 1643 1639 1717 recordationem
1656 1647 1701 1736 1).

384 1747 390 1758 '
607 1746 680 1823 Sed
706 1748 780 1820 iam
808 1747 855 1820 ad
881 1747 919 1819 id
948 1746 1158 1840 redeamus,
1182 1746 1281 1820 unde
1307 1746 1426 1819 exorsi
1453 1772 1595 1840 sumus,
1622 1744 1670 1819 ad
1697 1747 1798 1819 illam
1825 1745 1963 1821 scilicet
1978 1744 2025 1818 (16

492 1851 539 1925 (16
566 1851 650 1950 logo
674 1849 879 1923 doctrinam
907 1875 1001 1947 quae
1026 1848 1208 1946 imprimis
1242 1848 1340 1947 apud
1374 1845 1560 1921 Justinum
1585 1848 1624 1920 in
1653 1849 1745 1922 alias
1771 1849 1880 1923 etiam
1902 1863 2025 1947 partes

494 1952 635 2027 exculta
661 1966 725 2026 est.
785 1951 952 2025 ‹lustinus›
982 1950 1082 2024 enim
1117 1976 1192 2022 non
1225 1950 1263 2022 in
1292 1975 1335 2023 eo
1363 1949 1540 2044 constitit,
1572 1950 1706 2050 logon,
1743 1977 1815 2050 quo
1849 1951 1949 2025 Deus
1986 1965 2025 2020 nt

491 2055 668 2128 muudum
696 2068 836 2129 crearet
862 2052 968 2151 quasi
994 2078 1135 2152 organo
1158 2052 1345 2145 utebatur,
1382 2052 1492 2123 talem
1519 2078 1616 2146 esse,
1643 2053 1684 2126 in
1712 2080 1784 2152 quo
1814 2056 1913 2129 Deus
1941 2077 2023 2124 cum

490 2156 702 2231 hominibus
728 2155 1014 2230 familiaritatem
1040 2155 1157 2249 ineat,
1193 2153 1295 2226 cuius
1330 2179 1392 2226 ore
1417 2152 1465 2225 ad
1491 2151 1661 2228 homines
1694 2156 1883 2253 loquatur,
1920 2153 2023 2227 beni-

490 2260 671 2360 gnissima
701 2283 784 2331 cum
822 2256 867 2330 iis
901 2256 1128 2330 adsalutem
1162 2255 1354 2329 hominum
1388 2269 1494 2354 capta
1519 2258 1762 2331 communicet
1788 2256 1943 2332 consilia
1974 2301 2023 2309 —

489 2361 589 2435 idem
616 2361 721 2460 logos
748 2359 856 2434 etiarn
883 2357 1097 2433 conciliator
1123 2373 1177 2432 est
1202 2359 1297 2431 inter
1324 2357 1444 2431 Deum
1478 2370 1513 2431 et
1546 2357 1735 2453 homines,
1774 2361 1877 2433 cuius
1911 2359 2023 2432 inter-

491 2463 657 2537 cessione
690 2461 902 2534 hominibus
939 2459 986 2533 ad
1020 2462 1139 2534 Deum
1175 2460 1295 2533 aditus
1333 2459 1511 2558 aperitur,
1554 2486 1627 2558 quo
1659 2475 1848 2560 tamquam
1887 2459 2023 2533 amoris

490 2564 653 2657 vinculo,
680 2564 891 2636 universum
916 2589 1034 2661 genus
1059 2563 1263 2635 humanum
1289 2560 1471 2634 artissime
1498 2587 1579 2634 cum
1599 2561 1678 2638 Deo
1706 2564 1939 2638 coniunctum
1959 2577 2023 2657 est,

491 2668 541 2740 ita
564 2682 603 2738 ut
651 2665 786 2740 erfecta
810 2689 892 2737 cum
922 2664 998 2737 Deo
1027 2664 1235 2737 coniunctio
1262 2676 1297 2737 et
1323 2663 1530 2737 conciliatio
1558 2691 1603 2738 ex
1626 2692 1669 2739 60
1686 2692 1837 2765 prorsus
1854 2663 2022 2765 pendeat.

606 2693 710 2856 (11166
737 2765 882 2865 quidem
910 2765 1083 2864 Martyris
1120 2764 1165 2840 de
1191 2767 1279 2865 logo
1300 2764 1366 2838 toti
1389 2764 1528 2838 mundo
1563 2766 1694 2861 insito,
1733 2794 1842 2867 quam
1869 2766 2021 2866 propin-

492 2896 564 2967 qua
604 2870 824 2969 cognatione
861 2867 1068 2941 Stoicorum
1107 2867 1263 2968 attingat
1305 2867 1528 2964 doctrinam,
1569 2869 1754 2943 interdum
1786 2871 1860 2942 iarn
1893 2867 2020 2969 paucis

491 2971 681 3070 obiterque
707 2999 729 3044 a
756 2970 844 3043 viris
869 2969 985 3043 doctis
1012 2968 1268 3068 indicatum2),
1294 2970 1565 3047 accuratissime
1592 2999 1679 3046 vcro
1706 2975 1940 3073 explanatum
1968 2984 2022 3043 est

490 3101 513 3147 a
538 3072 754 3168 Duuckcro,
792 3073 871 3145 viro
897 3073 936 3143 in
964 3072 1139 3146 ecclesiae
1166 3073 1380 3171 antiquitate
1407 3074 1654 3147 versatissimo
1667 3076 1709 3172 ὅ).
1762 3075 1833 3148 Cui
1856 3072 2025 3174 philoso-

404 3206 410 3214 ·
490 3175 621 3275 phicae
647 3174 863 3273 disciplinae
889 3174 1063 3247 transitus
1090 3201 1135 3248 ex
1161 3174 1313 3272 antiqua
1339 3174 1520 3247 sentiendi
1544 3177 1685 3250 ratione
1703 3178 1741 3248 in
1758 3177 1868 3276 plane
1887 3200 2022 3247 novam

490 3276 651 3350 maxima
676 3276 794 3350 inerat
819 3276 874 3348 vis
898 3275 1142 3374 praeparandi
1172 3276 1316 3349 animos
1350 3276 1398 3348 ad
1432 3277 1662 3376 evangelium
1691 3279 1801 3351 modo
1827 3278 2025 3352 revelatum

494 3378 755 3476 recipiendum.
797 3377 894 3451 Nam
907 3377 998 3450 sicut
1013 3377 1204 3475 antiquum
1214 3377 1433 3450 dualismum
1450 3403 1620 3478 superare
1636 3380 1757 3453 conati
1769 3393 1873 3454 erant
1889 3378 2022 3452 doctri-

490 3482 559 3572 nis,
588 3507 678 3578 quas
704 3495 739 3554 et
761 3479 806 3554 de
822 3479 961 3552 mundo
974 3481 1130 3552 formato
1144 3507 1210 3579 per
1223 3480 1449 3554 evolutiones
1465 3481 1596 3554 virium
1613 3481 1854 3580 quarumdam
1873 3497 2024 3554 naturae

491 3581 683 3655 insitarum
694 3608 788 3679 quae
807 3580 1077 3656 multitudinem
1091 3583 1274 3655 variarum
1290 3582 1493 3682 specierum
1514 3584 1672 3657 naturali
1688 3584 1848 3683 quadam
1864 3584 2023 3659 necessi·

490 3701 562 3758 tate
587 3697 754 3783 procreet
779 3697 887 3782 atque
915 3684 1114 3784 progignat
1140 3684 1245 3759 etde
1271 3684 1408 3758 unitate
1435 3686 1608 3760 materiae
1635 3702 1670 3760 et
1694 3686 1751 3760 vis
1776 3687 1959 3760 animatae
1981 3710 2025 3757 ac

491 3785 696 3874 rationalia,
734 3811 828 3883 quae
855 3784 1044 3860 materiam
1072 3801 1234 3880 moveat,
1258 3786 1469 3881 tradebant,
1492 3789 1543 3861 ita
1569 3788 1679 3862 etiam
1709 3789 1749 3861 111
1772 3789 1849 3888 logi
1874 3787 2023 3861 notione

490 3888 538 3962 ab
565 3887 655 3987 ipsis
682 3887 840 3981 exculta,
876 3887 1077 3961 clarissime
1108 3890 1291 3988 prolatum
1322 3903 1358 3962 61
1391 3889 1607 3989 explicatum
1637 3904 1691 3965 est
1718 3888 1939 3965 desiderium
1965 3915 2022 3962 re·

491 3989 758 4064 conciliationis
783 3989 923 4089 gratiae
950 4016 1017 4089 pro
1044 3988 1235 4064 hominum
1270 3991 1385 4066 salute
1419 3991 1546 4065 aDeo
1581 3992 1842 4091 impetrandae.
1897 3990 2023 4088 ltaque

492 4119 603 4190 quum
632 4091 767 4165 stoicae
800 4090 1055 4191 philosophiae
1089 4094 1338 4167 auctoritatem
1378 4107 1514 4191 quanta
1551 4093 1661 4168 fuerit
1693 4094 1738 4167 ad
1767 4121 1895 4168 omnes
1926 4092 2023 4166 illius

490 4193 666 4293 temporis
691 4192 904 4291 disciplinas
930 4194 1166 4286 excolendas,
1195 4194 1410 4295 diligentius
1435 4195 1629 4269 nobiscum
1645 4211 1863 4295 reputemus,
1891 4221 2022 4292 quum-

492 4322 561 4393 que
587 4295 883 4388 consideremus,
923 4311 1147 4395 quantopere
1174 4297 1357 4396 imprimis
1382 4296 1494 4370 Philo
1525 4323 1613 4370 usus
1639 4297 1686 4371 sit
1711 4297 1917 4372 Stoicorum
1944 4297 2021 4395 pla-

601 4551 630 4622 1)
654 4546 726 4606 con.
751 4548 789 4607 ad
814 4545 866 4605 Gr.
890 4566 914 4603 6.
939 4548 979 4605 37
1004 4566 1032 4623 p.
1057 4547 1097 4604 35
1121 4546 1157 4603 Ε,

601 4637 632 4706 2)
657 4636 729 4693 Otto
754 4635 821 4705 „De
842 4635 925 4694 Just.
948 4633 988 4690 M.
1012 4652 1066 4689 scr.
1091 4641 1120 4689 61
1139 4630 1189 4689 d.”
1213 4633 1252 4690 89
1278 4652 1305 4690 11.
1331 4631 1397 4710 1711
1426 4632 1478 4691 illa
1500 4633 1615 4693 ratione
1638 4634 1754 4714 Martyr
1777 4635 1854 4693 male
1877 4637 2021 4716 interpre-

491 4732 571 4780 tatus
595 4732 640 4779 cst
662 4721 827 4779 Stoicorum
851 4722 995 4779 rationem
1019 4717 1251 4776 disseminatam.
1295 4719 1393 4776 Ritter
1416 4717 1525 4778 Gesch.
1549 4720 1577 4778 d.
1600 4722 1712 4781 Philos.
1735 4722 1772 4792 V,
1795 4741 1824 4799 p.
1848 4724 1919 4781 298.

600 4810 629 4887 3)
652 4807 795 4866 Dunclrer
818 4808 895 4879 „Dic
919 4804 1102 4881 Logoslehre
1125 4803 1243 4862 Justius
1267 4803 1295 4861 d.
1319 4804 1376 4864 M.''
1398 4824 1428 4883 p.
1448 4808 1488 4865 111
1505 4825 1570 4887 sqq.
1593 4807 1634 4867 id.
1659 4808 1769 4886 „Apol
1792 4827 1870 4867 saec.
1893 4808 1925 4867 lI
1949 4812 2022 4869 etc.”

491 4895 517 4965 I,
540 4913 570 4973 p.
593 4897 611 4953 6
638 4913 682 4973 sq.
727 4895 773 4955 Cf.
805 4902 961 4973 praeterea
990 4890 1062 4952 Otto
1094 4889 1172 4962 „Zur
1196 4889 1436 4951 Charakteristik
1467 4893 1495 4950 (1.
1526 4894 1564 4953 hl.
1587 4894 1699 4953 Justin.
1731 4894 2022 4972 (Sitzungsberichtc

492 4981 544 5040 dsr
568 4980 606 5038 K.
632 4980 732 5039 Alteri.
757 4982 784 5040 d.
809 4979 993 5039 Wisscnsch.
1017 4977 1114 5035 Wien.
1139 4977 1227 5035 'Pom
1249 4976 1339 5049 VIII,
1364 4978 1460 5055 1852)
1483 4998 1513 5058 p.
1540 4981 1601 5038 175
1625 4999 1667 5059 sq.
