5034 6084
1228 631 1276 702 25

474 835 608 935 positio
635 836 740 909 aflert
772 836 882 909 nobis
915 831 1131 907 memoriam
1157 830 1336 905 Philonis.
1398 831 1594 925 lustinum,
1631 831 1698 904 etsi
1723 831 1863 930 primus
1890 831 2009 904 Deum

475 936 590 1010 lilium
616 938 858 1039 progenuisse
874 936 902 1035 l)
938 934 1044 1030 dicit,
1080 933 1177 1007 hanc
1200 948 1322 1007 tamen
1349 933 1642 1035 generationem,
1680 959 1752 1031 qua
1784 933 1880 1008 filius
1907 943 2008 1006 ortus

472 1038 528 1134 sit,
557 1039 650 1112 sicut
675 1053 710 1114 et
736 1039 799 1113 alii
825 1038 1041 1139 apologetae
1066 1064 1141 1111 non
1169 1035 1274 1111 aliter
1298 1051 1407 1136 atque
1426 1034 1664 1136 imaginibus,
1691 1062 1737 1110 ex
1761 1033 2005 1110 emanationis

474 1140 615 1216 ratione
641 1140 842 1242 desumptis
868 1142 1049 1215 illustrare
1073 1138 1287 1238 saepissime
1311 1138 1386 1212 iam
1412 1150 1748 1228 commemoratum,
1776 1151 1811 1211 et
1835 1137 1932 1236 quod
1959 1135 2007 1209 ad

474 1241 654 1317 Iustinum
689 1257 764 1317 tarn
796 1256 962 1317 accurate
996 1254 1032 1315 et
1059 1240 1238 1314 subtiliter
1266 1240 1499 1340 explanatum
1533 1254 1587 1314 est
1618 1266 1641 1312 a
1676 1239 1763 1314 viris
1797 1239 1930 1334 doctis,
1968 1252 2008 1311 ut

474 1344 565 1420 haec
592 1373 650 1420 res
676 1345 771 1418 nihil
795 1346 931 1419 habeat
958 1342 1197 1417 dubitationis
1208 1342 1251 1441 2).

573 1447 679 1521 Nam
695 1461 735 1521 ut
760 1460 933 1547 appareat
955 1459 1094 1547 patrem
1126 1444 1191 1518 illa
1214 1443 1452 1546 generatione
1476 1449 1538 1516 τοῦ
1557 1448 1670 1536 λόγου
1694 1442 1906 1542 neutiquam
1938 1443 2006 1518 im-

472 1550 653 1623 minutum
680 1576 770 1644 esse,
798 1574 866 1633 neo
893 1548 1094 1649 quidquam
1121 1546 1209 1621 inde
1233 1546 1446 1639 mutationis
1471 1559 1535 1619 aut
1560 1543 1767 1619 detrimenti
1793 1545 1942 1645 cepisse,
1970 1546 2008 1619 id

472 1650 570 1749 quod
607 1652 645 1725 in
679 1651 789 1726 nobis
823 1677 1030 1727 sermonem
1062 1649 1333 1750 proferentibus
1365 1646 1445 1722 fieri
1471 1647 1653 1742 videmus,
1693 1671 1776 1720 cum
1811 1647 1874 1720 illa
1896 1675 2007 1748 gene·

472 1752 613 1828 ratione
646 1767 835 1854 comparat
860 1752 1030 1828 Iustinus.
1090 1751 1191 1826 Deus
1217 1751 1317 1825 enim
1348 1764 1434 1825 ante
1459 1777 1587 1824 omnes
1612 1776 1671 1824 res
1703 1763 1842 1823 creatas
1871 1750 2007 1850 princi-

471 1855 572 1954 pium
605 1856 734 1957 genuit
766 1883 811 1931 ex
845 1883 884 1931 se
917 1856 1016 1954 ips0,
1055 1853 1225 1928 virtutem
1256 1852 1455 1951 quamdam
1490 1852 1726 1945 rationalem,
1770 1877 1863 1949 quae
1898 1853 2006 1926 etiam

471 1957 590 2057 gloria
623 1958 765 2032 domini
798 1986 820 2032 a
853 1958 981 2058 spiritu
1016 1970 1142 2030 sancto
1175 1970 1343 2051 vocatur,
1380 1953 1491 2028 modo
1523 1954 1639 2050 filius,
1674 1952 1785 2027 modo
1819 1954 2006 2054 sapientia,

472 2059 582 2133 modo
610 2062 781 2161 angelus,
818 2060 929 2135 modo
953 2058 1060 2154 deus,
1093 2056 1205 2131 modo
1240 2057 1413 2131 dominus
1446 2068 1481 2130 et
1513 2057 1619 2156 logos
1650 2101 1700 2110 -
1732 2081 1825 2152 quae
1858 2055 2007 2154 quidem

471 2162 660 2261 generatio
687 2163 770 2236 talis
793 2178 865 2258 est,
903 2161 1047 2261 qualem
1072 2160 1182 2236 etiam
1215 2159 1255 2233 in
1280 2157 1390 2233 nobis
1424 2158 1505 2231 fieri
1536 2157 1721 2232 videmus:
1792 2155 2007 2233 Sermonem

439 2320 444 2328 .
473 2263 571 2338 enim
605 2265 813 2365 gignimus,
859 2291 936 2337 nou
968 2275 1092 2338 tamen
1125 2288 1207 2335 cum
1242 2260 1486 2356 abscissione,
1523 2259 1574 2333 ita
1606 2274 1646 2334 ut
1686 2260 1747 2334 ille
1784 2286 1903 2334 sermo
1943 2263 2006 2360 qui

472 2365 582 2440 nobis
618 2367 714 2441 inest
765 2392 848 2440 cum
888 2365 1024 2440 damno
1071 2364 1232 2463 quodam
1281 2377 1407 2437 nostro
1461 2362 1550 2436 dum
1596 2361 1720 2463 prodit
1760 2362 2006 2437 imminuatur.

475 2464 592 2557 Quale
624 2481 679 2543 est
717 2468 826 2542 etiarn
858 2468 958 2568 quod
992 2467 1158 2542 videmus
1196 2466 1236 2539 in
1265 2466 1354 2567 igne
1387 2463 1501 2538 alium
1535 2464 1661 2564 ignem
1694 2463 1791 2558 fieri,
1826 2491 1902 2539 non
1938 2467 2006 2539 im·

472 2569 591 2644 minui
633 2570 736 2643 illum
777 2570 876 2645 unde
917 2595 1091 2645 accensus
1122 2583 1192 2664 est,
1231 2568 1296 2643 sed
1329 2568 1369 2640 in
1400 2566 1530 2642 eodem
1556 2592 1705 2640 manere
1732 2578 1843 2660 statu,
1876 2582 1910 2641 et
1944 2568 2006 2666 qui
2061 2609 2063 2620 =

473 2696 648 2747 accensus
675 2686 745 2769 est,
780 2672 890 2748 etiam
916 2672 995 2773 ipse
1017 2672 1175 2747 existens
1200 2683 1366 2771 apparet,
1397 2669 1517 2768 neque
1543 2668 1647 2742 illum
1674 2668 1876 2764 imminuit,
1910 2669 2007 2744 unde

472 2798 647 2849 accensus
675 2788 729 2851 est
740 2777 782 2876 5).
844 2775 948 2865 Quae
975 2802 1087 2873 quum
1113 2774 1164 2847 ita
1191 2775 1281 2868 sint,
1316 2772 1409 2846 haec
1433 2784 1556 2846 tamen
1581 2769 1771 2845 rationalis
1796 2770 1929 2868 virtus,
1964 2799 2008 2859 ex

472 2893 576 2975 patre
601 2892 787 2974 emanata,
822 2903 898 2949 non
923 2877 973 2950 ita
995 2875 1168 2951 habenda
1193 2888 1264 2967 est,
1302 2888 1342 2946 ut
1367 2872 1520 2967 ἄτμητος
1545 2885 1581 2947 et
1604 2871 1801 2969 ἅχώριστος
1827 2871 1889 2970 sit,
1924 2874 1947 2946 i.
1975 2900 2005 2947 e.

472 2992 512 3051 ut
545 3005 618 3052 non
647 2980 763 3079 possit
795 2978 964 3054 abscindi
998 2991 1060 3052 aut
1093 2976 1255 3076 separari
1291 3002 1314 3048 a
1345 2989 1465 3075 patre,
1503 2974 1567 3048 sed
1600 3001 1623 3048 a
1654 2974 1819 3075 genitore
1852 3001 2006 3049 numero

473 3079 617 3172 diversa
644 3095 698 3156 est
724 3081 894 3184 (ἀριθμῷ
918 3082 1036 3179 ἔτερόν
1064 3093 1097 3153 τί
1114 3079 1198 3178 ἐστι)
1226 3091 1262 3151 et
1280 3076 1467 3177 propriam
1493 3076 1606 3151 habet
1632 3076 1836 3151 essentiam.
1885 3075 2007 3167 Quare

473 3182 710 3257 refellendam
744 3212 825 3260 esse
856 3183 908 3259 ait
932 3183 1093 3258 lustinus
1123 3179 1336 3283 opinionem
1362 3206 1505 3275 eorum,
1538 3179 1602 3278 qui
1626 3178 1730 3252 illum
1763 3178 1875 3278 logon
1908 3204 2007 3253 oom-

471 3285 595 3384 parari
620 3313 728 3386 posse
753 3302 881 3388 putent
906 3311 989 3360 cum
1012 3284 1126 3361 radiis
1146 3284 1252 3380 solis;
1281 3307 1437 3380 eumque
1461 3309 1484 3355 a
1508 3295 1612 3381 patre
1628 3280 1772 3381 seiungi
1798 3307 1875 3354 non
1898 3308 2008 3382 posse

472 3387 705 3485 contendant,
734 3388 1044 3488 quemadmodum
1063 3388 1125 3460 lux
1143 3386 1231 3460 solis
1247 3385 1286 3458 in
1304 3398 1402 3459 terra
1423 3382 1591 3458 abscindi
1607 3396 1643 3458 et
1663 3381 1825 3483 separari
1850 3399 2007 3482 nequeat

471 3516 494 3561 a
520 3491 613 3584 sole,
659 3491 721 3587 qui
763 3491 810 3565 sit
842 3492 881 3566 in
917 3491 1038 3587 coelo;
1077 3489 1143 3564 sed
1181 3502 1341 3589 patrem,
1378 3513 1491 3585 quum
1526 3484 1631 3581 velit,
1657 3486 1778 3559 facere
1820 3498 1860 3558 ut
1893 3487 2006 3560 virtus

471 3592 483 3663 i
512 3591 587 3664 sius
613 3592 789 3691 prosiliat,
815 3607 851 3668 et
877 3620 988 3693 quum
1013 3592 1100 3666 velit
1117 3618 1242 3664 rursus
1269 3589 1370 3661 illam
1396 3586 1579 3662 reflectere
1604 3586 1784 3687 possead
1811 3614 1849 3662 se
1876 3586 2005 3687 ipsum.

472 3620 574 3768 dicut
600 3693 723 3793 angeli
750 3696 963 3795 sempiterni
990 3713 1089 3791 sunt,
1115 3719 1232 3792 neque
1257 3691 1298 3763 in
1321 3689 1360 3762 id
1386 3689 1485 3764 unde
1510 3688 1724 3764 exstiterunt
1748 3689 2005 3783 dissolvuntur,
2048 3766 2050 3769 ,

472 3796 522 3869 ita
549 3795 657 3870 etiam
691 3795 755 3868 illa
780 3798 945 3890 δύναμις,
981 3823 1074 3896 quae
1101 3811 1135 3871 et
1161 3795 1260 3868 Deus
1294 3805 1423 3865 vocata
1450 3804 1521 3887 est,
1556 3806 1698 3887 manet,
1730 3817 1849 3889 neque
1882 3816 2006 3864 rursus

473 3898 511 3970 in
545 3914 686 3998 patrem
720 3898 841 3974 redire
873 3913 992 4000 potest
1001 3904 1046 3996 fl).
1109 3895 1182 3987 Qui
1217 3921 1303 3970 vero
1333 3919 1555 3992 quamquam
1588 3893 1681 3968 alius
1716 3892 1762 3966 sit
1798 3907 1906 3990 atque
1945 3894 2006 3967 ille

473 4000 637 4073 omnium
672 4013 830 4096 creator,
868 4029 944 4075 non
974 4015 1095 4076 tamen
1128 4025 1151 4073 a
1183 4011 1286 4098 patre
1316 4021 1467 4097 prorsus
1497 3994 1693 4089 alienatus,
1734 3993 1798 4068 sed
1831 3995 2007 4069 sententia

473 4101 631 4205 (γνώμῃ)
677 4102 996 4178 coniunctissimus
1030 4117 1084 4178 est
1124 4126 1206 4175 cunr
1244 4114 1347 4201 patre
1360 4099 1401 4195 5).
1468 4097 1595 4195 Itaque
1619 4095 1778 4169 Iustinus
1814 4097 1912 4169 hunc
1939 4097 2006 4172 Dei

351 4248 354 4254 ·
473 4207 586 4306 logon
614 4205 671 4278 vel
697 4204 885 4302 virtutem,
920 4206 1037 4280 solum
1064 4204 1211 4304 proprie
1237 4202 1352 4275 lilium
1379 4200 1458 4274 Deo
1484 4198 1649 4299 genitum
1675 4224 1756 4273 esse
1779 4196 1868 4272 dicit
1878 4199 1928 4298 ⁶),
1964 4226 2008 4272 ac
2112 4302 2114 4306 ι

582 4401 613 4478 l)
638 4403 685 4461 De
707 4402 824 4481 Tryph.
857 4421 882 4458 c.
907 4404 946 4461 62
975 4421 1003 4480 p.
1029 4401 1090 4460 285
1119 4421 1144 4457 c.
1168 4401 1205 4458 61
1240 4418 1268 4476 p.
1293 4398 1355 4456 284
1383 4416 1407 4454 c.
1433 4395 1492 4453 129
1520 4414 1550 4473 p.
1574 4397 1644 4454 359.
1696 4393 1733 4453 cf.
1756 4393 1874 4451 Domer
1895 4394 2006 4453 Entwi-

473 4489 787 4566 clrelungsgoschichta
812 4490 839 4547 d.
863 4488 898 4548 L.
920 4508 948 4544 v.
973 4488 1001 4547 d.
1025 4488 1059 4545 P.
1083 4485 1138 4547 ch.
1161 4485 1193 4555 Ι,
1217 4487 1235 4543 2
1259 4504 1288 4562 p.
1311 4485 1383 4542 429.

582 4577 613 4654 2)
638 4576 782 4635 Duncker
805 4576 890 4645 „Die
912 4573 1097 4650 Logoslehra
1120 4571 1247 4633 Justin's
1271 4570 1324 4629 des
1347 4570 1547 4647 Martyrers“.
1571 4564 1672 4626 Goett
1697 4567 1789 4626 1848.

582 4666 614 4740 3)
639 4662 720 4721 Dial.
742 4682 767 4719 c.
790 4662 842 4719 Tr.
865 4681 889 4719 c.
914 4663 952 4721 61
978 4681 1007 4739 p.
1033 4661 1095 4719 284
1110 4658 1193 4718 ABC
1217 4677 1241 4715 c.
1268 4658 1328 4714 128
1353 4676 1382 4734 p.
1407 4653 1551 4714 35801).

580 4752 612 4827 4)
637 4750 676 4809 D.
699 4769 724 4808 c.
745 4749 798 4807 Tr.
820 4767 845 4806 c.
870 4748 931 4806 128
955 4767 983 4825 p.
1009 4744 1155 4809 35801).

580 4839 614 4905 5)
633 4836 672 4894 ib.
696 4856 721 4894 c.
744 4839 784 4895 56
808 4854 837 4912 p.
860 4836 922 4893 276
934 4834 972 4894 Ε.

581 4924 613 4997 6)
639 4923 728 5000 Apol.
752 4921 784 4993 1,
807 4941 832 4981 c.
855 4922 895 4980 23
918 4939 947 4998 p.
972 4921 1011 4979 68
1024 4915 1057 4977 C.
1103 4915 1194 4993 Apol.
1216 4911 1265 4984 ΙΙ,
1289 4931 1313 4970 c.
1337 4914 1356 4969 6
1379 4931 1409 4989 p.
1433 4910 1542 4967 44D.:
1566 4907 1582 4968 ὁ
1606 4905 1894 4981 teaucensois
1917 4910 2009 4987 μόνος

474 5010 629 5087 λεγόμενος
651 5015 755 5089 κυρίως
777 5006 849 5079 υἱός.
