5034 6084
1180 628 1229 698 44

434 814 622 888 doctrinae
656 826 886 913 separantes,
921 836 1035 908 quum
1070 809 1249 909 originem
1280 809 1444 883 indicare
1477 809 1631 905 vellent,
1670 809 1787 886 unde
1799 810 1967 886 «lustinus

436 915 622 990 doctrinae
646 915 694 988 ad
720 930 835 987 artem
862 927 1053 988 revocatae
1085 911 1324 987 fundamenta
1356 910 1556 1007 hausisset,
1591 938 1611 985 e
1637 912 1823 1011 platonica
1847 915 1968 1013 philo-

436 1018 567 1117 sophia
592 1031 707 1098 tetam
734 1029 890 1089 sumtam
916 1041 996 1090 esse
1020 1012 1212 1089 docebant
1249 1015 1422 1088 Attamen
1449 968 1558 1088 atiani
1586 1040 1746 1114 magnae
1762 1015 1858 1091 inter
1873 1016 1968 1090 Stoi·

436 1144 561 1193 corum
590 1135 625 1193 et
649 1117 787 1191 Justini
810 1116 1006 1191 sententias
1032 1115 1217 1193 notandae
1243 1128 1328 1190 sunt
1354 1115 1638 1215 discrepantiae,
1664 1142 1777 1214 quum
1802 1117 1864 1191 hic
1889 1145 1969 1193 mo-

438 1221 684 1295 notheismum
718 1219 944 1318 complexus,
980 1218 1262 1337 pantheisticam
1306 1215 1512 1292 Stoicorum
1555 1217 1760 1293 doctrinam
1799 1219 1847 1293 ad
1890 1247 1968 1295 rem

435 1323 674 1396 christianam
700 1319 1005 1420 explanandam
995 1335 1046 1395 ita
1063 1320 1404 1417 accommodaverit,
1431 1335 1471 1393 ut
1488 1319 1587 1419 quod
1600 1321 1790 1420 proprium
1806 1321 1853 1396 sit
1872 1322 1969 1396 chri·

437 1425 576 1499 stianae
601 1424 687 1499 fidei
710 1424 812 1497 nullo
838 1422 951 1495 modo
977 1422 1025 1496 ab
1050 1450 1094 1498 eo
1117 1423 1337 1524 negligatur.

537 1525 703 1600 lustinus
730 1526 829 1600 enim
854 1552 966 1623 quum
991 1524 1115 1619 docet,
1142 1527 1263 1601 Deum
1290 1525 1416 1599 omnia
1440 1552 1507 1625 pei
1534 1526 1649 1625 logon
1677 1550 1842 1620 creasse,
1870 1544 1968 1627 post·

438 1655 550 1726 quam
575 1644 660 1702 ante
685 1627 865 1701 muudum
891 1641 1053 1701 creatum
1078 1628 1192 1728 logon
1218 1655 1264 1702 ex
1290 1654 1329 1701 sc
1350 1626 1432 1726 ipso
1455 1628 1702 1744 progenuerit,
1730 1628 1840 1701 simul
1856 1628 1970 1730 logon

243 1765 273 1778 J
355 1773 367 1784 ·
437 1732 512 1805 vim
536 1731 759 1805 animantem
770 1728 1055 1836 ,mundoque
1043 1730 1193 1804 insitam
1219 1743 1254 1805 et
1278 1743 1391 1803 totam
1419 1729 1609 1803 materiam
1630 1730 1890 1829 pervadentem
1905 1732 1972 1805 ha·

439 1834 523 1928 bet,
557 1835 607 1906 ita
640 1846 680 1906 ut
714 1833 819 1933 logos
851 1827 1059 1905 simillimus
1095 1832 1141 1905 sit
1175 1831 1319 1932 spiritui
1353 1830 1416 1929 qui
1452 1832 1653 1905 secundum
1680 1831 1822 1906 Stoicos
1856 1849 1970 1906 totum

438 1891 615 2009 muriduni
654 1948 844 2008 commeat.
908 1931 1022 2006 Cuius
1056 1933 1135 2035 logi
1168 1934 1379 2009 universum
1410 1933 1602 2007 hominum
1631 1960 1754 2051 gepus
1790 1936 1973 2034 particeps

438 2041 578 2131 eratl),
613 2064 725 2135 quum
758 2036 860 2108 omni
892 2035 1085 2110 hominnm
1113 2037 1242 2155 generi
1276 2061 1401 2110 semen
1436 2034 1514 2108 eius
1548 2036 1595 2110 sit
1629 2036 1779 2110 insitum
1797 2040 1852 2133 ²),
1897 2065 1970 2135 quo

439 2141 574 2214 factum
600 2155 639 2212 ut
665 2138 729 2236 qui
756 2162 837 2210 curn
865 2138 951 2237 logo
978 2165 1001 2212 a
1027 2138 1157 2213 Deo''
1133 2166 1179 2213 us
1204 2138 1316 2211 insito
1352 2136 1509 2211 vixerint
1535 2153 1571 2211 et
1596 2138 1785 2213 veritatem
1812 2140 1971 2239 quadam

372 2299 375 2309 .
439 2270 483 2317 ex
517 2256 619 2341 parte
660 2265 704 2314 co
732 2239 919 2336 noverint,
961 2239 1163 2314 Christiani
1197 2238 1376 2314 fuerint
1364 2265 1439 2311 ram
1466 2251 1558 2313 ante
1523 2239 1729 2329 tChristi
1762 2242 1970 2336 adventum,

438 2343 564 2443 quales
586 2342 685 2443 apud
700 2268 919 2415 graecos
890 2341 1026 2416 fuerint
1051 2340 1230 2438 Socratae,
1259 2340 1478 2433 Heraclitus,
1497 2319 1688 2415 Musonius
1703 2341 1850 2439 similes,
1874 2343 1973 2443 apud

439 2445 619 2519 barbaros
645 2442 900 2541 AbrahamuS,
927 2445 1111 2540 Ananias,
1137 2444 1241 2519 Elias
1267 2443 1390 2537 alii³,.
1444 2444 1565 2541 Atque
1591 2468 1841 2544 quaecumque
1868 2472 1972 2546 prae-

438 2549 536 2622 clare
561 2573 738 2644 umquam
764 2544 935 2619 dixerunt
956 2562 1018 2619 aut
1041 2546 1339 2648 excogitaverunt
1363 2543 1576 2644 philosophi
1604 2558 1667 2618 ant
1683 2546 1808 2646 legunt
1825 2548 1970 2641 latores,

439 2652 531 2724 haec
557 2649 706 2723 invento
733 2661 768 2721 et
791 2648 1021 2765 considerato
1048 2649 1172 2765 aliqua
1195 2676 1240 2723 ex
1265 2662 1369 2748 parte
1394 2646 1481 2747 logo
1508 2647 1845 2745 elaboraverunt4,=.
1896 2649 1970 2724 Ita-

440 2779 511 2851 que
535 2752 642 2850 logos
668 2748 794 2824 divina
819 2764 874 2823 est
898 2749 954 2822 vis
979 2776 1111 2869 agens,
1139 2750 1215 2826 sive
1240 2748 1463 2865 principium
1490 2776 1653 2845 movens,
1681 2750 1827 2848 plenam
1854 2751 1972 2825 addu-

439 2881 525 2928 cens
551 2851 680 2926 mundi
706 2876 790 2925 cum
816 2851 895 2925 Deo
922 2852 1237 2949 coniunctionem,
1276 2850 1511 2952 perfectionis
1545 2853 1659 2926 finem
1679 2854 1724 2941 5).
1776 2855 1837 2927 Ad
1862 2881 1972 2951 quarn

440 2956 620 3030 rationem
646 2954 684 3026 id
710 2967 858 3054 spectat,
886 2954 985 3054 quod
1007 2954 1148 3055 Martyr
1171 2956 1285 3072 logon
1304 2954 1409 3028 illum
1431 2980 1454 3026 a
1477 2953 1556 3028 Dec
1580 2954 1744 3054 genitum
1763 2956 1974 3110 ιιιόιιιιιιοιιιιε

439 3059 600 3153 insitum,
628 3055 841 3130 seminalem
870 3071 976 3130 vocat
1002 3056 1167 3132 divinam
1184 3057 1363 3132 rationem
1382 3062 1639 3155 (σπερματικὸς
1654 3060 1836 3174 λόγυςιδ).
1890 3056 1974 3147 Qua

439 3161 590 3234 notione
617 3186 698 3233 cani
725 3158 803 3274 logi
829 3158 1009 3233 rationem
1035 3158 1193 3233 indicari
1218 3159 1316 3275 vult,
1349 3185 1443 3257 quae
1469 3173 1524 3232 est
1517 3158 1785 3276 ..principium
1795 3070 1890 3235 vitae
1916 3160 1972 3233 di-

439 3263 571 3357 vinae,
598 3259 844 3335 hominibus
834 3259 1002 3357 insitum,
1023 3276 1059 3335 et
1086 3262 1140 3336 vis
1168 3261 1231 3334 illa
1255 3261 1436 3354 animata,
1464 3260 1634 3334 universo
1660 3262 1788 3359 generi
1811 3262 1973 3336 humano

440 3364 622 3451 iniuncta,
656 3388 750 3461 quae
784 3378 907 3436 movet
944 3318 1112 3438 hoinines
1144 3377 1180 3439 et
1212 3363 1361 3437 animat
1422 3362 1493 3436 Oui
1527 3362 1675 3460 quidem
1701 3362 1779 3463 logi
1804 3364 1973 3464 potestati

440 3480 579 3539 tantam
604 3421 773 3538 dustinus
799 3464 987 3538 tribuit
952 3492 1038 3559 vim,
1064 3480 1107 3539 ut·
1124 3466 1243 3540 Deum
1265 3480 1414 3564 propter
1434 3464 1718 3538 christianorum
1740 3492 1864 3541 semen
1890 3493 1973 3566 per·

440 3558 687 3643 turbationem
713 3582 748 3640 et
774 3566 1051 3642 dissolutionem
1079 3568 1189 3642 totius
1211 3566 1341 3641 mundi
1373 3565 1520 3640 differre
1543 3565 1689 3663 doceat,
1725 3567 1775 3641 ita
1810 3587 1848 3642 ut
1882 3569 1974 3642 nulli

441 3672 516 3744 iam
544 3683 685 3743 exstent
714 3668 874 3769 improbi
901 3670 1026 3770 angeli
1051 3697 1170 3769 neque
1198 3668 1397 3744 daemones
1421 3694 1541 3766 neque
1564 3624 1799 3763 homiriesl).
1852 3669 1973 3761 Quam

443 3770 658 3848 sententiam
685 3770 903 3866 necessitati,
932 3798 1004 3869 qua
1028 3770 1239 3846 Justiniana
1256 3771 1339 3846 de
1319 3778 1420 3869 κόγῳ
1443 3797 1676 3869 σπιρματικῳ
1663 3772 1861 3846 doctrina
1877 3772 1973 3846 Stoi-

551 4072 697 4151 1)Apol.
720 4072 746 4145 I,
770 4093 794 4130 c.
817 4074 908 4151 46.p
931 4070 1028 4132 830:
1060 4068 1109 4131 nir
1132 4073 1267 4150 Χριστὸν
1291 4071 1484 4150 πρωιότοκοι
1507 4074 1560 4134 τοῦ
1583 4074 1658 4136 θεοῦ
1681 4071 1754 4135 εἶναι
1777 4070 1974 4153 ἐδιδάχθημεν

441 4154 491 4216 καὶ
514 4181 564 4231 πμ(
563 4157 766 4267 ›quadoaprv
780 4155 868 4234 traho
891 4154 964 4217 ὄντα
989 4180 1023 4217 ov
1046 4160 1106 4217 ιιὰι
1129 4159 1211 4235 γένος
1233 4157 1407 4237 ἀνθρώπων
1394 4161 1563 4238 νμέιεσχε.

549 4248 649 4322 2)1
601 4241 649 4301 te}
684 4244 716 4304 τὸ
751 4245 881 4321 {portur
916 4251 1004 4305 παιιῐ
1039 4244 1112 4323 γε’κει
1143 4241 1316 4325 ἀνθρωπωι
1345 4247 1462 4325 σπέρμα
1498 4248 1550 4306 σοῦ
1583 4243 1674 4324 λόγον
1707 4247 1797 4326 Apol.
1827 4243 1876 4314 II,
1905 4244 1972 4301 c.8

439 4351 467 4410 p.
439 4334 533 4410 pta
558 4329 623 4391 OD.

550 4418 582 4497 3)
608 4416 697 4496 Apol.
720 4415 746 4485 Ι,
769 4436 794 4474 c.
817 4418 858 4476 46
882 4436 912 4495 p.
935 4419 976 4476 84
1000 4416 1067 4481 cl).

552 4502 1038 4583 4)Ap01.11,c10p.480.

548 4590 790 4668 tlllunckerl.
813 4590 831 4650 l.
856 4610 884 4669 p.
909 4593 959 4652 32.

549 4679 580 4754 6)
603 4677 693 4757 Apol.
715 4676 754 4757 II,
777 4697 802 4736 c.
827 4680 919 4756 13p
943 4676 1037 4736 tle:
1065 4671 1191 4744 ἕκαστος
1214 4673 1272 4755 γάρ
1297 4703 1341 4747 τις
1363 4674 1426 4739 aiud
1450 4674 1561 4753 μέρους
1584 4674 1636 4733 τοῦ
1661 4671 1864 4749 σπερματικοί
1887 4671 1972 4733 θειοι

444 4762 536 4840 λόγου
560 4759 593 4822 τὸ
617 4760 750 4841 συγγενὲς
773 4759 852 4841 ὁρῶν
875 4764 978 4830 καλῶς
1001 4759 1178 4839 ἐφθέγξατο.
1223 4764 1261 4824 cf.
1284 4766 1323 4826 ib.
1346 4787 1371 4826 c.
1387 4769 1467 4844 8p.
1491 4760 1578 4823 460.

550 4851 577 4933 7)
601 4851 690 4930 Apol.
712 4849 803 4924 II,c.
779 4855 902 4931 c7p.
923 4850 1022 4910 45Β.
1046 4844 1119 4909 ὅθεν
1142 4846 1191 4910 uui
1215 4847 1366 4951 a’mpsrttu
1366 4849 1380 4912 ei
1405 4849 1480 4917 darie
1502 4845 1553 4926 τὴν
1576 4845 1713 4924 σι’γχισιν
1737 4836 1785 4902 καὶ
1809 4843 1973 4904 κατάλυσιν

398 5000 401 5004 ,
439 4937 493 4997 soit
515 4934 627 4996 nunde
651 4935 762 5012 κόσμου
783 4932 821 5015 μὴ
852 4938 973 5015 ποιῆσαι
997 4930 1044 4997 ἵνα
1068 4932 1118 4996 καὶ
1150 4934 1178 4997 oi
1206 4936 1366 5014 φαῦλοι
1347 4941 1466 5019 αγγελσι
1497 4931 1546 4996 καὶ
1580 4935 1719 5007 talpone
1742 4926 1790 4988 ”ul
1813 4930 1974 5007 ἅνθρωποι

438 5018 584 5101 μήκίιι
562 5045 615 5083 ωσι
639 5023 683 5083 δι’
669 5049 687 5083 ιι
712 5024 745 5084 τὸ
771 5022 889 5101 σπέρμα
918 5024 976 5083 «ὧν
1001 5020 1227 5100 Χριστιανῶν
1214 5049 1230 5083 o
1253 5024 1387 5103 γινώσκει
1410 5024 1440 5087 ιι
1464 5024 1495 5101 τι
1521 5018 1607 5102 piosa
1632 5014 1677 5079 dri
1698 5010 1797 5078 αἴσιόν
1822 5017 1908 5080 ἐστιν.
