5034 6084
1179 649 1228 720 42

446 842 546 914 tione
595 836 785 937 complecti
836 860 944 935 posse
992 831 1286 927 contendebant,
1342 833 1445 906 cuius
1495 834 1661 908 notitiam
1716 863 1845 912 seusus
1898 865 1975 913 non

449 961 556 1016 antea
587 939 805 1031 invexisset,
844 962 954 1035 quum
996 934 1170 1033 quiequid
1201 961 1306 1008 mens
1340 936 1620 1035 contempletur,
1658 953 1774 1013 totum
1808 967 1828 1016 e
1862 942 1977 1016 sensi·

448 1046 517 1118 bus
545 1057 649 1118 exeat
664 1044 704 1140 1).

560 1142 746 1242 Imprimis
780 1155 899 1213 autem
925 1139 1006 1238 ipsa
1037 1138 1114 1238 logi
1147 1136 1249 1211 notio
1281 1137 1400 1235 qualis
1430 1138 1573 1215 Stoicae
1607 1142 1864 1243 philosophiae
1899 1161 1978 1218 erat

447 1247 598 1348 propria
625 1271 768 1317 summa
803 1267 886 1315 cum
918 1240 1119 1314 christiana
1149 1252 1228 1313 erat
1263 1240 1532 1317 necessitudine
1567 1245 1763 1318 coniuncta
1773 1249 1820 1338 2).
1880 1246 1977 1320 Nus·

448 1375 559 1448 quam
585 1348 683 1421 enim
707 1344 930 1421 desiderium
956 1340 1266 1417 reconciliationis
1287 1342 1416 1414 mundi
1437 1369 1522 1417 curu
1537 1346 1627 1439 Deo,
1654 1362 1818 1443 quaeest
1837 1375 1980 1422 summa

448 1451 669 1524 christianae
692 1447 800 1541 fidei,
828 1444 1032 1518 distinctius
1058 1442 1260 1517 indicatum
1284 1459 1357 1540 est,
1386 1471 1495 1542 quam
1524 1474 1568 1521 ea
1593 1448 1746 1543 ratione,
1769 1475 1842 1548 qua
1868 1450 1980 1524 Stoici

449 1554 562 1652 logon
588 1550 813 1626 definiebant
845 1548 995 1645 eiusque
1033 1545 1240 1619 doctrinam
1274 1547 1509 1642 excolebant,
1542 1565 1583 1623 ut
1616 1550 1687 1624 Dei
1721 1576 1804 1624 oum
1839 1551 1978 1626 mundo

449 1654 646 1748 unitatem,
676 1648 957 1752 pantheisticam
985 1646 1133 1746 quidem
1160 1647 1340 1722 rationem
1365 1675 1441 1723 non
1468 1666 1680 1752 superantes
1706 1653 1979 1728 contenderent

560 1754 642 1845 Quo
679 1767 799 1827 autem
835 1751 979 1825 l'acilius
1014 1748 1153 1822 Justiui
1175 1748 1229 1822 de
1262 1749 1350 1849 logo
1382 1750 1566 1849 doctrina,
1603 1768 1779 1852 quantum
1800 1756 1981 1830 consentit

451 1883 533 1929 curn
559 1855 711 1951 Stoicis,
737 1853 978 1953 intelligatur,
1017 1866 1128 1948 utque
1150 1850 1430 1926 fundamentum
1456 1855 1632 1929 iaciamus
1658 1856 1908 1931 doctrinarum
1935 1856 1981 1931 de

450 1958 583 2057 quibus
605 1975 733 2057 postea
758 1955 826 2030 erit
852 1952 1122 2052 disputandum,
1150 1951 1196 2025 de
1218 1968 1350 2027 natura
1369 1955 1551 2056 imprimis
1566 1959 1768 2053 hominum,
1796 1959 1979 2035 delibero

448 2060 601 2134 arbitrio
628 2059 746 2157 deque
772 2058 917 2131 animae
942 2054 1216 2128 immortalitate
1233 2056 1438 2130 accuratius
1460 2059 1769 2159 exponendarum,
1797 2062 1871 2135 iam
1887 2088 1980 2160 quae

452 2162 659 2236 Stoicorum
684 2159 820 2260 placita
844 2158 892 2231 'ad
914 2158 1027 2231 hasce
1053 2156 1238 2230 doctrinas
1266 2156 1502 2234 illustrandas
1527 2162 1718 2237 utilitatem
1739 2164 1978 2262 praebebunt,

450 2265 609 2338 breviter
632 2286 820 2337 recensere
846 2261 953 2334 liceat
972 2261 1014 2359 ³).

565 2364 730 2464 Physica
756 2363 962 2437 Stoicorum
988 2359 1232 2461 proficiscitur
1254 2387 1276 2432 a
1303 2359 1441 2461 duplici
1466 2364 1627 2461 quodam
1649 2367 1787 2462 studio,
1823 2394 1978 2464 quorum

449 2469 602 2542 alterum
629 2465 755 2539 omnia
781 2491 874 2563 quae
901 2479 1002 2557 sunt,
1037 2488 1060 2535 e
1091 2461 1278 2561 corporeis
1302 2462 1495 2539 derivabat
1520 2469 1677 2562 caussis,
1711 2470 1864 2544 alterum
1892 2495 1979 2541 vero

446 2570 575 2642 omnia
599 2567 647 2641 ad
673 2593 786 2640 unum
813 2592 957 2664 exquo
977 2566 1126 2658 fierent,
1151 2563 1383 2663 principium,
1411 2581 1520 2666 atque
1545 2570 1592 2643 ad
1619 2597 1732 2644 unam
1757 2598 1830 2669 qua
1856 2570 1980 2643 omnia

448 2685 670 2770 regerentur,
698 2670 817 2769 legem
832 2667 1050 2743 referebant.
1091 2664 1219 2763 Itaque
1237 2692 1350 2739 unum
1368 2668 1590 2769 principium
1608 2699 1687 2748 esse
1705 2672 1841 2766 volunt,
1868 2698 1978 2745 uuam

454 2772 706 2867 substantiam,
732 2798 828 2869 quae
854 2784 939 2844 ante
964 2767 1094 2842 mundi
1119 2768 1411 2866 procreationem
1438 2773 1564 2846 omnia
1590 2775 1810 2870 continebat,
1837 2774 1978 2848 αὐτοτε-

452 2881 527 2956 λῶς
552 2880 752 2969 λεγόμενον
778 2880 951 2966 στοιχεῖον
955 2929 968 2962 ,
1004 2868 1103 2970 quod
1134 2868 1382 2970 distinguatur
1413 2899 1436 2945 a
1461 2876 1622 2950 relativis
1648 2878 1857 2971 elementis,
1887 2903 1978 2949 owa-

448 2985 532 3071 χιῖα
558 2976 767 3051 nominatis.
804 2977 839 3050 A
865 3002 937 3075 qua
963 2974 1145 3047 substrata
1167 2973 1322 3047 materia
1344 2974 1527 3049 interdum
1544 2978 1691 3077 quidem
1705 2979 1805 3054 Deus
1821 2977 1981 3053 discerni

454 3080 616 3174 videtur,
653 3106 764 3177 quum
789 3078 949 3171 dicatur,
983 3074 1127 3149 Stoicos
1155 3074 1228 3147 duo
1252 3075 1292 3146 in
1318 3102 1439 3149 rerum
1463 3096 1595 3154 natura
1619 3107 1819 3181 agnoscere
1842 3080 1979 3181 princi·

451 3183 532 3283 pia,
559 3209 603 3256 ex
631 3181 763 3279 quibus
790 3180 917 3253 omnia
949 3179 1060 3270 fiant,
1103 3200 1269 3249 caussam
1306 3191 1342 3250 et
1375 3180 1577 3254 materiam.
1635 3182 1828 3256 Materiam
1862 3183 1980 3256 iacere

450 3286 616 3379 inertem,
642 3282 689 3356 ad
716 3282 841 3355 omnia
862 3294 1037 3381 paratam,
1064 3293 1287 3353 cessaturam
1315 3278 1480 3353 sinemo
1506 3309 1613 3358 move
1708 3307 1875 3356 caussam
1892 3309 1981 3358 oon·

452 3402 507 3459 tra
535 3400 722 3460 aeternam
750 3410 830 3458 esse
857 3383 1057 3475 rationem,
1097 3405 1170 3477 qua
1203 3380 1360 3453 materia
1385 3385 1562 3458 tormetur
1587 3402 1623 3459 et
1648 3409 1866 3482 quocunque
1892 3384 1980 3459 velit

447 3503 628 3582 versetur,
666 3512 851 3584 quumque
887 3512 968 3560 esse
1003 3480 1150 3575 debeat,
1184 3479 1283 3555 unde
1310 3483 1399 3581 quid
1434 3486 1515 3580 fiat,
1556 3487 1595 3561 id
1620 3513 1731 3586 porro
1758 3513 1781 3560 a
1806 3513 1879 3585 quo
1905 3489 1978 3581 fiat,

451 3615 622 3664 caussam
645 3615 746 3683 esse,
769 3587 861 3661 illud
886 3585 1089 3661 materiam.
1142 3583 1270 3680 Itaque
1290 3584 1469 3659 Heracliti
1494 3590 1745 3664 auctoritatem
1773 3590 1896 3685 secuti,
1920 3615 1979 3661 ra-

451 3692 588 3766 tionem
614 3689 673 3763 vel
699 3714 867 3764 caussam
890 3689 992 3761 illam
1018 3698 1134 3760 totum
1169 3684 1348 3758 muudum
1380 3687 1552 3786 liquentis
1585 3691 1685 3807 ignis
1711 3691 1827 3765 instar
1850 3718 1979 3791 perva-

449 3794 536 3868 dere
561 3792 759 3892 putabant,
793 3805 897 3866 acute
922 3806 1045 3864 tamen
1071 3787 1338 3887 distinguentes
1361 3788 1456 3864 inter
1479 3791 1582 3865 illum
1610 3818 1735 3892 ignem
1758 3819 1866 3891 quem
1893 3819 1980 3867 usus

450 3896 544 3969 vitae
569 3895 749 3995 requirat,
777 3894 1020 3968 confectorem
1051 3889 1215 3964 omnium
1243 3903 1279 3964 et
1309 3909 1623 3993 consumptorem,
1658 3909 1693 3968 et
1716 3895 1842 3995 ignem
1864 3896 1977 3970 artili-

450 3997 590 4097 ciosum
626 4000 710 4098 (stip
735 4003 894 4091 τεχνικὸν
920 3992 995 4092 ὁδῷ
1020 3994 1169 4085 βαδίζον
1199 3993 1249 4072 εἰς
1274 3994 1447 4094 γένεσιν),
1486 3996 1549 4094 qui
1584 3996 1705 4071 vitalis
1742 4011 1777 4071 et
1810 3998 1979 4072 salutaris

449 4099 575 4172 omnia
600 4115 808 4195 conservet,
845 4100 936 4193 alat,
966 4108 1114 4196 augeat,
1151 4094 1327 4169 sustineat
1348 4123 1530 4196 sensuque
1552 4097 1698 4171 afficiat.
1752 4098 1872 4189 Quem
1897 4102 1977 4200 qui-

448 4200 532 4275 dem
558 4202 682 4300 ignem
711 4201 873 4295 vitalem,
915 4199 1081 4299 spiritum
1118 4198 1288 4296 (πνεῦμα)
1327 4199 1567 4273 strationem
1603 4206 1733 4294 (λόγον)
1762 4229 1841 4276 esse
1871 4201 1978 4277 doce.

448 4303 556 4398 baut,
597 4329 708 4401 quum
743 4331 787 4377 ex
828 4301 1067 4403 dispositione
1103 4298 1232 4372 mundi
1264 4300 1530 4400 sapientissime
1565 4302 1720 4375 instituti
1753 4317 1788 4377 ct
1820 4303 1978 4381 ordinati

451 4581 459 4596 ·
557 4559 586 4633 1)
610 4557 707 4616 ltitter
738 4558 846 4617 Gcsch.
877 4560 905 4618 d.
934 4556 1047 4615 Philus.
1077 4556 1142 4626 ΙΙΙ,
1176 4577 1203 4634 p.
1235 4558 1296 4615 534
1321 4575 1402 4636 sqq.;
1433 4556 1504 4615 540.
1565 4557 1661 4616 Ritter
1700 4568 1730 4615 et
1766 4557 1880 4615 Preller
1910 4561 1927 4620 Ι.
1959 4563 1977 4622 l.

471 4646 604 4703 .436s
649 4687 656 4700 .
1266 4692 1269 4698 .

447 4664 466 4722 p
557 4731 588 4806 2)
607 4663 757 4788 tillunclrer
779 4728 858 4799 „Dio
880 4726 1065 4803 Logoslchre
1087 4725 1167 4783 Just.
1192 4725 1220 4782 (Ι.
1245 4723 1302 4782 Μ.”
1324 4743 1353 4801 p.
1378 4726 1416 4782 27
1441 4744 1483 4806 sq.

554 4810 1199 4897 3)ef.zoller„Geseh.d.Phtlos.111‚”
1230 4830 1259 4890 p.
1285 4812 1325 4870 ta
1344 4830 1412 4891 sqq.
1435 4830 1465 4889 p.
1488 4815 1529 4872 85
1553 4833 1617 4893 sqq.
1667 4814 1764 4870 Ritter
1794 4813 1923 4885 „Gssch
1948 4816 1976 4875 d.

448 4904 561 4962 l’hilos.
584 4902 662 4975 111‚”
684 4922 715 4981 p.
737 4903 800 4961 516
823 4919 887 4980 sqq.
910 4918 940 4978 p.
961 4898 1023 4959 ool
1048 4917 1112 4977 sqq.
1134 4917 1165 4976 p.
1188 4899 1251 4958 584
1272 4917 1339 4978 sqq.
1383 4899 1480 4959 Ritter
1503 4911 1533 4959 et
1554 4900 1670 4958 Preller
1694 4898 1712 4962 l.
1737 4899 1755 4960 l.
1779 4919 1808 4978 p.
1826 4903 1888 4960 446
1912 4921 1976 4983 sqq.

447 4991 494 5050 ed.
517 4989 559 5048 II.
604 4988 734 5049 Krische
757 4987 990 5061 „Forschuugen
1010 4984 1065 5044 suf
1093 4984 1161 5043 dem
1184 4982 1298 5045 Gabiet
1327 4984 1382 5046 der
1411 4986 1492 5045 alten
1515 4985 1647 5046 Philos.”
1668 4985 1695 5059 l,
1718 5006 1748 5065 p.
1771 4988 1833 5047 381
1857 5006 1922 5068 sqq.
1944 5010 1980 5068 p.¹

445 5080 507 5137 452
531 5096 596 5156 sqq.
640 5075 708 5137 chr.
734 5074 876 5133 Patersen
900 5071 1134 5154 „Philosophiae
1158 5069 1368 5151 Chrysippeae
1392 5071 1611 5131 fundamenta.”
1643 5072 1736 5149 nug.
1763 5075 1854 5133 1827.
