5034 6084
1286 618 1333 688 57

543 801 739 878 sententias
755 800 960 876 attulerunt
1013 798 1109 873 Nam
1130 797 1229 898 quod
1256 797 1354 895 dicit,
1380 799 1567 874 hominem
1594 825 1660 900 per
1680 799 1805 899 logum
1831 800 1968 874 factum
1994 827 2073 876 esse

543 904 745 1004 imaginem
770 901 1065 993 immortalitatis,
1090 914 1139 996 ut,
1167 899 1478 999 quemadmodum
1494 899 1750 976 immortalitas
1766 903 1812 976 sit
1827 902 1925 1002 apud
1942 903 2070 997 Deum,

540 1006 593 1079 sic
616 1006 726 1081 etiam
752 1005 865 1078 homo
892 1003 1007 1077 divini
1029 1003 1191 1076 numinis
1217 1002 1409 1104 particepS,
1436 1003 1570 1078 habeat
1597 1003 1905 1078 immortalitatem
1927 1010 1970 1100 ¹),
1994 1004 2069 1079 sive

538 1108 610 1181 alio
637 1108 718 1183 loco
743 1107 859 1199 docet,
886 1121 1079 1203 utrumque
1104 1105 1284 1204 spiritum,
1307 1131 1399 1204 quos
1422 1132 1501 1180 esse
1520 1106 1690 1180 noverint
1713 1105 1913 1202 christiani,
1940 1106 2068 1207 primis

538 1209 692 1283 infuisse
718 1207 998 1304 hominibus2),
1033 1206 1195 1281 hominis
1218 1206 1330 1308 igitur
1351 1207 1540 1282 notionem
1566 1207 1764 1308 perfectam
1791 1235 1866 1281 non
1893 1235 1971 1283 esse
1997 1208 2070 1282 nisi

540 1311 704 1386 animam
720 1310 857 1385 incolat
883 1310 982 1385 Deus
1034 1336 1073 1383 er
1096 1309 1265 1409 spiritum
1281 1312 1335 1406 ³),
1370 1309 1445 1382 iam
1472 1309 1605 1384 talibus
1633 1308 1822 1384 sententiis
1848 1310 2067 1410 tripartitam

540 1413 702 1488 hominis
728 1427 897 1487 naturam
942 1338 1100 1512 proliare
1136 1411 1335 1485 Tatianum
1368 1410 1545 1509 voluisse,
1591 1411 1683 1487 effici
1729 1438 1837 1511 posse
1875 1412 2063 1512 putabant.

640 1516 689 1589 At
724 1514 823 1613 quod
857 1514 904 1587 ad
938 1515 1041 1588 illum
1076 1540 1148 1612 quo
1176 1514 1353 1587 Tatianus
1386 1514 1514 1611 utitur,
1553 1512 1720 1588 Platonis
1754 1513 1894 1610 locum,
1933 1515 1995 1613 qui
2028 1514 2066 1587 in

540 1617 709 1693 Phaedro
738 1617 888 1718 legitur,
925 1617 1069 1711 attinet,
1107 1616 1371 1712 aDunckero,
1404 1615 1467 1713 qni
1492 1615 1734 1715 plurimorum
1762 1616 1961 1691 Tatianeae
1988 1643 2068 1690 ora-

540 1720 650 1793 tionis
684 1721 849 1793 locorum
881 1716 1217 1819 interpretationem
1244 1718 1362 1811 dedit,
1396 1718 1598 1792 maximum
1632 1744 1711 1793 esse
1744 1716 1941 1792 discrimen
1977 1720 2072 1793 inter

541 1821 688 1895 Tatiani
719 1837 754 1896 et
779 1820 945 1895 Platonis
980 1819 1193 1921 opinionem
1227 1821 1309 1896 luce
1343 1820 1476 1893 clarius
1511 1834 1696 1894 ostensum
1730 1833 1794 1894 est.
1857 1817 1929 1909 Qui
1964 1837 2070 1896 'uum

539 1922 705 1997 Platonis
731 1922 911 1998 sententia
936 1921 1086 2023 propria
1118 1921 1280 1995 hominis
1307 1934 1437 1995 natura
1464 1922 1661 2022 spiritualis
1688 1923 1734 1996 sit
1759 1937 1795 1996 et
1819 1846 2069 2016 divina,q*l'a·

538 2025 678 2098 tianum
705 2024 911 2099 Stoicorum
947 2024 1081 2124 placita
1108 2039 1290 2120 secutum,
1323 2023 1549 2099 materialem
1584 2052 1666 2099 eam
1689 2039 1724 2098 et
1758 2037 1963 2097 terrestrem
1999 2024 2069 2097 cir-

541 2126 814 2227 cumscripsisse
839 2126 1037 2202 contendit
1096 2126 1271 2199 Animam
1298 2150 1450 2225 corpore
1475 2140 1659 2202 carentem
1697 2141 1733 2201 et
1754 2152 1821 2225 per
1854 2151 1893 2199 se
1919 2125 2070 2200 immor-

538 2229 659 2326 talem,
687 2228 868 2329 principio
885 2241 1083 2329 pennatam
1102 2243 1138 2302 et
1159 2254 1182 2301 a
1200 2227 1342 2302 ratione
1359 2240 1547 2326 tamquam
1564 2228 1736 2330 bigarum
1756 2242 1896 2302 rectore
1912 2227 2068 2325 ductam,

542 2331 643 2405 iuxta
669 2331 880 2427 Platonem,
914 2330 1045 2431 pennis
1077 2330 1224 2403 demum
1262 2329 1425 2425 amissis,
1458 2331 1604 2430 corpori
1635 2331 1813 2404 inclusam
1841 2357 1937 2425 esse,
1970 2331 2070 2405 iuxta

543 2432 740 2507 Tatianum
764 2447 891 2507 contra
917 2432 1079 2506 animam
1106 2432 1351 2523 materialem,
1385 2445 1516 2505 natura
1546 2434 1756 2529 mortalem,
1793 2432 1932 2529 absque
1966 2432 2070 2507 initio

544 2560 627 2607 cum
654 2561 807 2635 corpore
834 2534 1076 2631 coniunctam,
1103 2561 1169 2634 per
1195 2533 1364 2634 spiritum
1390 2532 1565 2631 divinum,
1589 2549 1776 2635 tamquam
1798 2534 1875 2608 alas
1903 2562 1997 2631 suas,
2023 2535 2071 2608 ad

523 2649 676 2713 ‘terram
700 2637 1002 2737 supercoelestem
1030 2663 1173 2710 sursum
1209 2663 1290 2711 esse
1320 2636 1471 2733 elatam,
1504 2651 1580 2711 tum
1615 2665 1701 2712 vero
1739 2664 1850 2736 quum
1884 2637 2071 2739 peccando

541 2766 682 2840 pennas
710 2740 890 2834 amiserit,
916 2739 954 2811 in
982 2740 1079 2812 hanc
1105 2737 1317 2838 inferiorem
1338 2750 1472 2814 terram
1489 2739 1676 2839 propriam
1695 2740 1862 2840 patriam,
1889 2739 2070 2840 relapsam

539 2869 618 2918 esse
630 2847 676 2935 4).

641 2944 751 3034 Quod
776 2969 863 3019 vero
890 2942 1016 3017 attinet
1042 2940 1090 3016 ad
1117 2942 1314 3017 sententias
1341 2942 1422 3015 illas
1447 2941 1559 3016 modo
1585 2942 1751 3017 laudatas
1778 2944 1824 3019 de
1842 2943 1966 3019 indole
1984 2970 2068 3044 pro-

540 3046 796 3145 toplastorum,
833 3073 925 3144 quos
953 3043 1079 3144 spiritu
1107 3043 1232 3117 divino
1258 3044 1442 3145 praeditos
1476 3043 1590 3119 fuisse
1624 3044 1806 3141 indicant,
1844 3045 2069 3145 spiritualem

541 3148 738 3246 quamdam
763 3148 956 3222 hominum
982 3160 1122 3246 partem
1144 3145 1217 3220 illis
1233 3145 1324 3220 locis
1346 3173 1369 3219 a
1390 3145 1547 3220 Tatiano
1572 3146 1706 3244 doceri,
1731 3174 1808 3222 non
1831 3162 1885 3222 est
1904 3147 2068 3243 dubium,

542 3250 607 3324 sed
632 3251 806 3350 opinione
832 3250 909 3325 eius
935 3248 1138 3323 accuratius
1165 3248 1359 3348 explanata
1387 3272 1470 3321 cum
1493 3247 1694 3323 Platonicis
1711 3264 1879 3324 naturam
1906 3249 2069 3323 hominis

542 3351 790 3427 definiendam
817 3380 900 3428 eum
923 3378 1096 3451 negasse,
1124 3350 1231 3424 facile
1252 3366 1307 3425 est
1330 3350 1524 3425 intellectu.
1577 3350 1673 3425 Nam
1701 3352 1811 3453 primi
1830 3351 1979 3450 quidem
2001 3351 2069 3427 ho·

498 3519 502 3524 .
542 3455 660 3528 mines
697 3456 883 3553 utriusque
915 3453 1062 3555 generis
1102 3452 1250 3552 spiritus
1283 3452 1478 3552 participes
1516 3453 1599 3526 facti
1636 3473 1739 3551 sunt,
1786 3470 1822 3529 et
1850 3453 1966 3551 illius,
2006 3454 2069 3552 qui

541 3583 687 3630 omnem
714 3568 878 3655 permeat
910 3556 1118 3652 materiam,
1157 3571 1192 3628 et
1224 3554 1341 3629 divini
1373 3554 1487 3649 illius,
1530 3554 1592 3653 qui
1627 3556 1695 3630 etsi
1727 3556 1855 3656 spiritu
1890 3556 2069 3631 materiali

542 3657 673 3731 similis
700 3658 827 3753 factus,
854 3656 925 3731 hoc
951 3675 1075 3731 tamen
1102 3658 1217 3731 multo
1245 3656 1410 3756 superior
1435 3669 1469 3730 et
1494 3658 1738 3755 praestantior
1764 3672 1833 3755 est,
1857 3672 1979 3758 utpote
2006 3658 2067 3755 qui

541 3759 686 3835 divinae
723 3759 901 3834 essentiae
932 3759 992 3856 sit,
1032 3774 1071 3833 ut
1104 3759 1238 3859 partim
1270 3786 1315 3833 ex
1342 3757 1494 3832 materia
1527 3774 1711 3856 constent,
1752 3760 1885 3860 partim
1916 3759 2069 3833 materia

542 3863 824 3962 praestantiores
851 3862 925 3935 sint
936 3861 977 3960 ⁵).
1031 3860 1197 3952 Quorum
1215 3860 1409 3935 hominum
1423 3859 1586 3935 conditio
1603 3862 1822 3939 describitur
1836 3861 2067 3955 felicissima3

628 4172 659 4250 1)
684 4191 709 4230 c.
734 4173 751 4230 7
774 4190 804 4251 p.
828 4174 883 4233 30:
907 4167 995 4248 λόγος
1017 4166 1073 4249 γὰρ
1097 4166 1112 4230 ὀ
1139 4166 1317 4247 ἐπουράνιος
1342 4216 1349 4231 .
1373 4215 1380 4230 .
1406 4215 1413 4229 .
1435 4164 1536 4231 εἰκόνα
1559 4168 1610 4243 τῆς
1633 4162 1807 4236 ἀθανασίας
1828 4167 1880 4228 τὸν
1904 4163 2068 4245 ἄνθρωποι

539 4256 688 4334 ἐποίησιν,
719 4250 783 4328 ἵνα,
815 4258 914 4335 ὥσπερ
943 4254 960 4335 ἡ
984 4253 1146 4335 ἀφθαρσία
1175 4254 1259 4333 παρὰ
1284 4258 1325 4333 αρ’)
1346 4257 1410 4332 θεῷ
1436 4247 1601 4315 sirasirin
1631 4251 1746 4332 τρόπον
1778 4257 1852 4316 θεοῦ
1881 4262 1990 4333 μοῖραι
2018 4250 2068 4313 ἄι-

540 4351 668 4421 &ponor
688 4341 865 4423 μεταλαβὼν
888 4343 936 4424 ἔχῃ
960 4339 1010 4404 καὶ
1032 4342 1067 4405 td
1090 4340 1263 4408 ἀθάνατον.

628 4431 660 4510 2)
684 4451 709 4490 c.
734 4434 773 4491 12
797 4452 826 4511 p.
850 4432 900 4491 52.

685 4538 710 4577 c.
733 4519 772 4577 15
795 4539 824 4597 p.
849 4520 899 4577 70.

625 4606 659 4682 4)
683 4604 719 4664 cf.
742 4604 885 4664 Dnnclrer
907 4604 926 4663 l.
949 4604 967 4665 l.
992 4625 1020 4683 p.
1046 4608 1085 4666 13
1108 4624 1153 4685 sq.

628 4695 660 4768 ὃ)
685 4712 709 4750 c.
734 4694 791 4752 12:
836 4689 890 4751 driu
912 4692 1083 4767 πνευμάτων
1105 4689 1254 4771 διαφορὰς
1277 4690 1360 4768 ἴσμεν
1383 4685 1463 4765 ἡμεῖς
1486 4676 1532 4747 ὦν
1565 4684 1595 4746 τι)
1619 4688 1673 4765 μὲν
1700 4686 1829 4746 καλεῖται
1860 4687 1951 4768 ψυχή,
1983 4686 2013 4749 zo
2036 4686 2067 4749 δι’

541 4777 642 4854 μεῖζον
663 4782 717 4856 μὲν
740 4783 785 4854 τῆς
807 4782 908 4858 ψυχῆς,
933 4781 1008 4838 θεοῦ
1031 4776 1062 4838 δί
1085 4776 1169 4838 eladi·
1191 4781 1241 4836 καῖ
1264 4774 1407 4852 ὁμοίωσις
1429 4772 1547 4852 ἑκάτερα
1564 4770 1602 4832 'di
1625 4772 1706 4851 παρὰ
1731 4776 1788 4845 τοῖς
1811 4771 1987 4856 ἀνθρώποις
2009 4780 2068 4848 τοῖς

478 4910 481 4914 -
538 4865 665 4944 πρώτοις
686 4863 821 4947 ὑπῆρχεν,
846 4868 893 4924 ἵνα
917 4863 947 4925 τὸ
969 4869 1024 4943 μέν
1048 4887 1072 4923 τι
1095 4860 1167 4923 ὦσιν
1189 4863 1298 4932 iliaci,
1328 4862 1358 4920 ul
1382 4859 1414 4921 δὲ
1438 4858 1578 4936 ἀνώτεροι
1601 4864 1647 4933 τῆς
1669 4859 1744 4934 ὕλης.
1778 4879 1803 4918 c.
1817 4864 1853 4920 4:
1875 4867 1988 4940 πνεῦμα
2009 4861 2067 4943 γὰρ

541 4951 571 5011 τὸ
594 4950 644 5012 διὰ
668 4955 714 5028 τῆς
735 4951 804 5028 ὕλης
827 4950 927 5027 deiros
949 4950 1066 5011 ἔλιιτιον
1089 4949 1210 5031 ὑπάρχει
1232 4954 1281 5009 νοῦ
1305 4951 1455 5025 &scorteos
1477 4946 1649 5022 πνεύματος,
1674 4944 1745 5023 ὅπερ
1768 4944 1799 5008 δέ
1813 4952 1889 5029 ψυχῇ
1906 4971 2064 5026 παραμον-

541 5043 654 5114 ινμένον
677 5036 711 5098 οὗ
734 5044 862 5117 τιμητέον
884 5036 982 5113 ἐπίσης
1000 5043 1038 5116 τῷ
1062 5039 1158 5116 relator
1182 5040 1258 5115 θεῷ,
1284 5031 1350 5094 ‹ttt’
1369 5032 1436 5095 οὐδὲ
1460 5039 1508 5094 ισῐι
1531 5030 1742 5110 ιῖνωνόμασισν
1755 5035 1830 5095 θεὸν
1842 5033 2066 5114 δωροδοκριέον.

1506 5143 1746 5214 '·8
