5034 6084
1243 627 1265 695 8

492 826 642 925 quaerit,
670 827 734 925 qui
758 827 833 902 veri
873 825 1123 927 cognitionem
1159 852 1235 900 non
1272 846 1547 926 consequuntur
1583 828 1842 930 philosophiae
1874 830 2029 905 nornine

491 943 576 1002 sunt
597 927 731 1029 digni?
783 928 882 1003 Nam
908 928 940 1002 si
965 941 1171 1003 vestrorum
1198 927 1419 1029 sapientium
1445 930 1736 1030 sapientissimus
1763 930 1944 1028 Socraten,
1967 932 2026 1006 cui

491 1031 599 1105 etiarn
626 1032 815 1105 oraculum
841 1044 1011 1125 vestrum,
1039 1042 1079 1102 ut
1104 1029 1176 1129 ipsi
1199 1029 1370 1125 narratis,
1397 1032 1648 1108 testimonium
1668 1032 1741 1129 dat,
1765 1033 1893 1108 dicens
1909 1034 2029 1129 „viro-
2089 1097 2094 1102 .

491 1159 573 1206 rum
600 1132 766 1206 omnium
789 1130 956 1207 Socrates
979 1131 1305 1230 sapientissimus,“
1327 1133 1518 1209 confitetur
1536 1162 1575 1210 se
1590 1134 1686 1209 nihil
1705 1135 1817 1210 scire:
1842 1133 2029 1233 quomodo

493 1235 555 1332 qui
581 1246 665 1334 post
690 1261 774 1309 eum
802 1234 872 1309 orti
894 1245 978 1308 sunt
1003 1233 1113 1308 etiam
1134 1233 1306 1309 coelestia
1333 1234 1427 1309 scire
1453 1261 1492 1311 se
1514 1236 1868 1337 pronuntiaruntll)
1888 1236 2029 1311 Christi

493 1336 736 1435 disciplinam,
777 1334 1045 1438 philosophicis
1074 1335 1308 1433 contrariam,
1337 1337 1578 1412 certissimam
1602 1338 1793 1437 solamque
1824 1353 1940 1413 tutam
1976 1351 2029 1412 at-

494 1464 565 1536 que
589 1438 715 1512 utilem
738 1465 818 1513 esse
842 1437 1057 1539 pronuntiat
1070 1437 1113 1536 2).

602 1541 773 1616 Attamen
799 1567 913 1639 quum
934 1566 1013 1614 rem
1039 1537 1278 1612 christianam
1299 1553 1334 1614 et
1364 1540 1585 1617 christianae
1617 1542 1809 1642 religionis
1843 1541 2030 1615 doctrinas

493 1641 541 1715 ad
563 1659 677 1717 artem
704 1667 875 1717 revocare
900 1641 1130 1717 conabantur
1155 1641 1382 1741 apologetae,
1409 1644 1542 1719 veteris
1566 1644 1824 1744 philosophiae
1850 1669 1913 1718 eos
1944 1668 2031 1715 usos
2103 1659 2109 1675 '

494 1770 574 1819 esse
595 1744 790 1840 doctrinis,
812 1770 904 1843 quas
940 1742 987 1817 ad
1022 1768 1159 1818 novam
1191 1769 1346 1842 eamque
1382 1745 1499 1819 solam
1533 1762 1670 1821 certam
1703 1743 2028 1819 accommodarent

492 1845 774 1945 philosophiam,
801 1846 968 1946 proxime
994 1844 1042 1919 ad
1066 1844 1256 1920 veritatem
1284 1846 1459 1923 accedere
1483 1848 1597 1923 iama
1617 1848 1734 1948 priori
1751 1847 1904 1922 videtur.
1945 1846 2026 1919 Imo

494 1974 588 2047 quae
614 1963 691 2022 erat
715 1950 781 2043 vis,
809 1975 882 2046 qna
906 1946 1144 2047 philosophia
1169 1947 1314 2021 animos
1340 1948 1506 2025 omnium
1532 1977 1667 2026 eorum·
1686 1950 1849 2023 virorum
1886 1947 2024 2023 afficie-

493 2050 567 2144 bat,
595 2051 658 2148 qui
684 2049 889 2125 eruditione
915 2047 1014 2122 haud
1041 2075 1185 2148 semper
1211 2050 1396 2145 carebant,
1423 2051 1690 2151 philosophicis
1716 2050 1923 2151 disciplinis
1942 2074 2026 2124 oum

494 2166 571 2227 tota
593 2152 691 2226 illius
714 2151 889 2251 temporis
909 2149 1124 2226 educatione
1148 2164 1297 2251 totoque
1314 2152 1429 2225 animi
1454 2155 1552 2230 cultu
1568 2153 1751 2228 artissimo
1772 2153 1919 2227 vinculo
1940 2176 2027 2225 con-

495 2270 638 2349 1unct1s,
665 2268 775 2329 ettam
801 2267 936 2327 mvrtos
967 2254 1050 2327 illos
1071 2253 1171 2327 viros
1195 2252 1242 2328 de
1266 2253 1487 2331 christianae
1506 2256 1695 2330 doctrinae
1718 2254 1932 2355 primordiis
1959 2281 2024 2351 op-

494 2357 581 2431 time
603 2358 764 2448 meritos,
790 2354 839 2429 ad
864 2354 998 2454 prioris
1023 2354 1240 2430 eruditionis
1262 2355 1432 2430 notiones
1458 2356 1543 2432 duci
1579 2358 1780 2458 oportebat,
1809 2356 2027 2452 simulatque

495 2458 616 2533 denuo
643 2484 779 2531 novam
805 2483 882 2532 rem
909 2482 986 2531 non
1012 2471 1185 2557 exparte
1207 2470 1349 2531 tantum
1375 2456 1591 2561 intelligere,
1620 2459 1685 2536 sed
1712 2485 1859 2534 omnem
1886 2456 2029 2557 perspi-

496 2585 577 2635 cere
602 2559 815 2659 inciperent.
868 2559 950 2649 Quo
977 2559 1235 2659 propensiores
1257 2573 1379 2633 essent
1399 2560 1448 2634 ad
1471 2562 1701 2636 statuendam
1720 2559 1918 2660 quamdam
1934 2559 2030 2631 inter

494 2661 770 2762 philosophiam
795 2674 879 2734 ante
906 2660 1145 2734 christianam
1177 2661 1369 2760 ipsamque
1405 2662 1645 2738 christianam
1671 2663 1877 2737 doctrinam
1907 2659 2029 2734 affini—

495 2778 618 2857 tatem,
641 2765 692 2837 ita
719 2776 759 2837 ut
784 2763 880 2836 hanc
906 2776 946 2835 ut
978 2776 1093 2836 totam
1126 2775 1162 2836 et
1197 2761 1396 2862 perfectam
1426 2765 1615 2841 veritatem
1649 2766 1703 2839 illi
1740 2764 1844 2864 quasi
1877 2786 2030 2836 mancae

495 2863 639 2940 veritati
665 2876 897 2965 opponerunt
913 2866 958 2960 ³),
985 2864 1043 2940 vel
1068 2863 1343 2965 philosophiam
1366 2879 1553 2966 tamquam
1589 2867 1811 2942 christianae
1840 2864 2032 2965 religionis

497 2968 738 3066 προπαιδείαν
764 2967 954 3062 haberent,
979 2966 1182 3040 institutum
1209 2966 1290 3062 Dei,
1320 2992 1393 3065 quo
1420 2968 1615 3043 hominum
1640 2969 1756 3043 animi
1787 2967 1836 3041 ad
1868 2992 2028 3066 evange·

496 3071 587 3144 lium
614 3069 886 3170 suscipiendum
911 3082 1235 3169 praepararentur;
1260 3095 1333 3167 quo
1359 3070 1481 3171 magis
1509 3072 1622 3172 igitur
1655 3070 1901 3170 discrepantia
1935 3068 2030 3142 inter

496 3172 728 3271 evangelium
756 3185 791 3245 et
813 3185 972 3246 veterem
997 3170 1273 3269 philosophiam
1301 3172 1541 3269 quantitative
1566 3200 1646 3249 esse
1666 3173 1859 3267 videretur,
1887 3196 1930 3245 eo
1950 3196 2030 3244 esse

496 3274 681 3349 debebant
699 3273 900 3374 paratiores
922 3272 970 3345 ad
986 3271 1199 3371 probandas
1217 3272 1523 3372 philosophorum
1542 3276 1749 3370 sententias,
1770 3299 1886 3371 eoque
1904 3271 2028 3344 minus

496 3376 660 3451 cunctari
685 3390 863 3476 poterant,
889 3401 932 3449 ea
957 3400 1049 3472 quae
1076 3386 1184 3448 antea
1209 3372 1416 3449 didicerant
1441 3391 1614 3478 repetere,
1641 3403 1798 3476 quorum
1819 3401 1888 3475 ope
1913 3399 2031 3446 novas

496 3478 683 3553 doctrinas
705 3475 753 3551 ad
779 3495 895 3552 artem
922 3488 1145 3551 revocarent.
1197 3473 1285 3549 darn
1310 3475 1392 3576 ipsa
1418 3478 1636 3553 infestarum
1672 3478 1923 3552 doctrinarum
1959 3475 2031 3548 irn-

495 3579 673 3681 pugnatio
708 3595 953 3655 retroversum
979 3578 1055 3652 vim
1084 3576 1247 3652 habebat
1279 3578 1328 3651 ad
1369 3606 1442 3673 eas,
1481 3608 1573 3679 quas
1606 3580 1805 3656 defendere
1844 3576 2030 3670 volebant,

495 3682 682 3757 doctrinas
704 3681 934 3776 excolendas,
957 3694 992 3754 et
1008 3679 1056 3753 ad
1073 3693 1190 3753 totum
1206 3695 1378 3780 systema,
1406 3683 1506 3780 quod
1524 3684 1670 3759 efficere
1686 3680 1926 3784 incipiebant.
1961 3679 2031 3752 Illa

497 3786 606 3861 etiam
642 3785 815 3857 omnibus
848 3783 925 3858 fere
960 3780 1093 3856 veteris
1126 3781 1301 3857 ecclesiae
1337 3782 1551 3859 doctoribus
1596 3784 1801 3860 communis
1840 3781 2032 3874 sententia,

495 3886 806 3988 praeclarissimos
831 3884 1096 3985 philosophos,
1129 3882 1310 3983 quidquid
1342 3885 1433 3959 boni
1460 3887 1637 3983 dixerint,
1662 3914 1708 3962 ex
1726 3886 1842 3961 Mosis
1867 3899 1902 3957 et
1938 3898 2031 3957 cete-

497 4016 622 4063 rorum
647 3989 909 4088 prophetarum
943 3985 1074 4079 sacris,
1102 3984 1141 4057 in
1184 3986 1319 4085 quibus
1354 3987 1464 4065 lateat
1497 3990 1708 4064 christiana
1740 3986 1908 4061 doctrina
1943 3985 2032 4059 scri-

496 4091 568 4191 ptis
584 4093 626 4189 4),
649 4090 884 4185 hausissent
910 4115 976 4162 sua
998 4086 1175 4188 dogmata
1201 4088 1279 4163 veri
1302 4090 1423 4188 specie
1450 4107 1623 4169 ornarent
1645 4094 1695 4192 ⁵),
1714 4090 1844 4164 doctos
1869 4088 1953 4162 illos
1980 4086 2033 4159 vi·
2077 4139 2080 4145 -

605 4268 633 4347 1)
659 4266 733 4327 coh.
758 4266 795 4325 ad
821 4265 960 4325 Gentiles
983 4287 1007 4326 e.
1032 4268 1082 4327 36.
1106 4286 1135 4346 p.
1160 4266 1209 4327 33.
1235 4264 1269 4325 0.

605 4354 633 4436 2)
656 4353 736 4414 Dial.
760 4373 784 4412 o.
808 4353 860 4413 Tr.
884 4373 907 4411 u
933 4355 962 4413 8.
986 4373 1015 4431 p.
1040 4355 1111 4414 225.
1135 4353 1187 4414 B.:
1210 4351 1311 4428 ταύτην
1332 4352 1425 4430 μόνην
1446 4353 1578 4432 εὕρισκον
1600 4356 1780 4436 φιλοσοφίαν
1801 4351 1920 4435 ἀσφαλῆ
1943 4372 1969 4412 τε
1981 4356 2029 4410 καὶ

497 4439 661 4521 σύμφορον.
706 4439 743 4499 cf.
769 4438 844 4500 cos.
865 4460 889 4499 c.
914 4442 965 4500 38.
990 4460 1019 4518 p.
1043 4443 1093 4501 37.
1116 4440 1167 4500 B.:
1190 4438 1376 4519 πανταχόθεν
1397 4438 1504 4502 είδίναι
1525 4440 1660 4520 προςήκει
1690 4442 1734 4503 ὅτι
1764 4439 1905 4518 οὐδαμῶς
1927 4435 2030 4517 ἑτέρας

496 4533 561 4606 περὶ
583 4530 657 4588 θεοῦ
681 4525 697 4600 ἢ
719 4531 765 4603 τῆς
788 4521 882 4604 ὄρθῆς
904 4530 1077 4603 θεοσεβείας
1098 4524 1268 4604 μανθάνειν
1289 4525 1355 4586 οίόν
1375 4548 1417 4598 τε,
1442 4526 1561 4608 ἢπαρδ
1583 4532 1640 4589 τῶν
1661 4532 1816 4612 προφητῶν
1837 4526 1950 4605 μόνον,
1975 4529 2030 4584 τῶν

497 4612 549 4676 διὰ
573 4618 618 4689 τῆς
641 4616 728 4686 θείας
750 4610 903 4685 ἐπιπνοίας
925 4610 1126 4674 διδασκόντων
1148 4612 1236 4691 ἡμᾶς.

605 4698 633 4779 3)
657 4697 694 4761 cf.
719 4699 792 4760 Ina.
817 4700 906 4779 Apol.
929 4700 972 4759 Il.
997 4721 1020 4761 e.
1048 4704 1099 4760 13.
1124 4719 1152 4778 p.
1177 4701 1215 4759 51
1241 4699 1282 4758 D.

602 4787 632 4869 4)
656 4786 736 4849 Dial.
759 4807 784 4848 c.
808 4787 861 4849 Tr.
884 4805 910 4848 ο.
935 4789 983 4846 29.
1009 4807 1037 4866 p.
1063 4789 1135 4846 246.
1160 4787 1194 4846 l).
1240 4786 1310 4845 Tat.
1332 4805 1373 4845 or.
1398 4805 1421 4845 c.
1447 4787 1498 4849 40.
1522 4782 1579 4868 (οδ.
1605 4784 1697 4867 Otto).
1822 4788 1827 4797 '

604 4875 632 4953 5)
655 4873 792 4953 Theoph.
816 4874 855 4933 ed
877 4872 999 4933 Authol.
1024 4874 1057 4946 Ι,
1080 4893 1104 4933 c.
1130 4875 1200 4933 14.;
1223 4866 1266 4931 τόν
1296 4876 1446 4951 τιμωριῶν
1469 4873 1630 4954 (αἰωνίων)
1656 4875 1875 4951 προειρημνιίνν
1896 4869 1954 4931 tut
1975 4875 2032 4931 τῶν

496 4964 649 5041 προφητῶν
670 4965 900 5040 μεταγενέστεροι
920 4961 1073 5038 γενόμενον
1096 4960 1124 5021 ct
1146 4965 1263 5035 ποιηταί
1283 4965 1332 5018 καὶ
1354 4959 1518 5042 φιλόσοφοι
1539 4961 1665 5040 ἔκλεψαν
1686 4956 1718 5020 ἐκ
1748 4961 1805 5017 τῶν
1834 4956 1930 5035 ἁγίων
1952 4981 2029 5035 γρα-

496 5050 561 5129 φῶν
584 5047 625 5119 εἷς
648 5048 678 5107 τι)
703 5045 838 5126 δόγματα
862 5046 957 5107 αὐτῶν
973 5045 1130 5119 ἀξιόπιστα
1153 5049 1324 5123 γενηθῆναι.
