<?xml version="1.0" encoding="UTF-8"?>
<!DOCTYPE html PUBLIC "-//W3C//DTD XHTML 1.0 Transitional//EN"
    "http://www.w3.org/TR/xhtml1/DTD/xhtml1-transitional.dtd">
<html xmlns="http://www.w3.org/1999/xhtml" xml:lang="en" lang="en">
 <head>
  <title>
</title>
<meta http-equiv="Content-Type" content="text/html;charset=utf-8" />
  <meta name='ocr-system' content='tesseract 3.04.00' />
  <meta name='ocr-capabilities' content='ocr_page ocr_carea ocr_par ocr_line ocrx_word'/>
</head>
<body>
  <div class='ocr_page' id='page_1' title='image "./vimatquepotesta00ehlegoog_0043.png"; bbox 0 0 5034 6084; ppageno 0'>
   <div class='ocr_carea' id='block_1_1' title="bbox 1310 618 1357 689">
    <p class='ocr_par' dir='ltr' id='par_1_1' title="bbox 1310 618 1357 689">
     <span class='ocr_line' id='line_1_1' title="bbox 1310 618 1357 689; baseline -0.043 0"><span class='ocrx_word' id='word_1_1' title='bbox 1310 618 1357 689; x_wconf 84' lang='lat'>31</span> 
     </span>
    </p>
   </div>
   <div class='ocr_carea' id='block_1_2' title="bbox 563 815 2174 3068">
    <p class='ocr_par' dir='ltr' id='par_1_2' title="bbox 564 815 2152 1917">
     <span class='ocr_line' id='line_1_2' title="bbox 564 815 2114 923; baseline 0.003 -28"><span class='ocrx_word' id='word_1_2' title='bbox 564 820 837 895; x_wconf 82' lang='lat' dir='ltr'><strong>multitudinem</strong></span> <span class='ocrx_word' id='word_1_3' title='bbox 861 819 1078 919; x_wconf 85' lang='lat' dir='ltr'>angelorum</span> <span class='ocrx_word' id='word_1_4' title='bbox 1104 815 1268 918; x_wconf 89' lang='lat' dir='ltr'>delegat,</span> <span class='ocrx_word' id='word_1_5' title='bbox 1296 843 1450 917; x_wconf 91' lang='lat' dir='ltr'>quarum</span> <span class='ocrx_word' id='word_1_6' title='bbox 1479 815 1686 893; x_wconf 86' lang='lat' dir='ltr'>doctrinam</span> <span class='ocrx_word' id='word_1_7' title='bbox 1712 818 1761 894; x_wconf 87' lang='lat' dir='ltr'>ad</span> <span class='ocrx_word' id='word_1_8' title='bbox 1786 846 1869 896; x_wconf 86' lang='lat' dir='ltr'>earn</span> <span class='ocrx_word' id='word_1_9' title='bbox 1897 819 2114 923; x_wconf 88' lang='lat' dir='ltr'>disciplinae</span> 
     </span>
     <span class='ocr_line' id='line_1_3' title="bbox 566 918 2152 1022; baseline 0.001 -25"><span class='ocrx_word' id='word_1_10' title='bbox 566 922 788 998; x_wconf 78' lang='lat' dir='ltr'>christianae</span> <span class='ocrx_word' id='word_1_11' title='bbox 811 934 955 1021; x_wconf 79' lang='lat' dir='ltr'>partem</span> <span class='ocrx_word' id='word_1_12' title='bbox 982 945 1077 1020; x_wconf 89' lang='lat' dir='ltr'>quae</span> <span class='ocrx_word' id='word_1_13' title='bbox 1103 918 1150 992; x_wconf 90' lang='lat' dir='ltr'>sit</span> <span class='ocrx_word' id='word_1_14' title='bbox 1175 918 1221 993; x_wconf 90' lang='lat' dir='ltr'>de</span> <span class='ocrx_word' id='word_1_15' title='bbox 1248 919 1328 994; x_wconf 92' lang='lat' dir='ltr'>Deo</span> <span class='ocrx_word' id='word_1_16' title='bbox 1353 919 1537 1019; x_wconf 86' lang='lat' dir='ltr'>pertinere</span> <span class='ocrx_word' id='word_1_17' title='bbox 1570 919 1679 995; x_wconf 89' lang='lat' dir='ltr'>docet</span> <span class='ocrx_word' id='word_1_18' title='bbox 1705 923 1796 1022; x_wconf 85' lang='lat' dir='ltr'>(qua</span> <span class='ocrx_word' id='word_1_19' title='bbox 1822 947 1906 997; x_wconf 91' lang='lat' dir='ltr'>cum</span> <span class='ocrx_word' id='word_1_20' title='bbox 1933 925 2112 1000; x_wconf 84' lang='lat' dir='ltr'>sententia</span> <span class='ocrx_word' id='word_1_21' title='bbox 2147 920 2152 928; x_wconf 74' lang='grc'><strong>’</strong></span> 
     </span>
     <span class='ocr_line' id='line_1_4' title="bbox 566 1019 2113 1125; baseline 0.002 -26"><span class='ocrx_word' id='word_1_22' title='bbox 566 1050 781 1125; x_wconf 89' lang='lat' dir='ltr'>comparare</span> <span class='ocrx_word' id='word_1_23' title='bbox 810 1050 1005 1123; x_wconf 88' lang='lat' dir='ltr'>possumus</span> <span class='ocrx_word' id='word_1_24' title='bbox 1044 1020 1322 1097; x_wconf 88' lang='lat' dir='ltr'>celeberrimum</span> <span class='ocrx_word' id='word_1_25' title='bbox 1360 1021 1464 1094; x_wconf 91' lang='lat' dir='ltr'>illum</span> <span class='ocrx_word' id='word_1_26' title='bbox 1493 1019 1632 1095; x_wconf 79' lang='lat' dir='ltr'>Justini</span> <span class='ocrx_word' id='word_1_27' title='bbox 1670 1024 1811 1121; x_wconf 91' lang='lat' dir='ltr'>locum,</span> <span class='ocrx_word' id='word_1_28' title='bbox 1854 1051 1925 1123; x_wconf 93' lang='lat' dir='ltr'>quo</span> <span class='ocrx_word' id='word_1_29' title='bbox 1967 1027 2113 1102; x_wconf 84' lang='lat' dir='ltr'>obiecta</span> 
     </span>
     <span class='ocr_line' id='line_1_5' title="bbox 567 1123 2110 1227; baseline 0.001 -25"><span class='ocrx_word' id='word_1_30' title='bbox 567 1128 683 1214; x_wconf 88' lang='lat' dir='ltr'>cultus</span> <span class='ocrx_word' id='word_1_31' title='bbox 709 1141 745 1202; x_wconf 89' lang='lat' dir='ltr'>et</span> <span class='ocrx_word' id='word_1_32' title='bbox 771 1125 1017 1200; x_wconf 87' lang='lat' dir='ltr'>venerationis</span> <span class='ocrx_word' id='word_1_33' title='bbox 1042 1123 1339 1198; x_wconf 85' lang='lat' dir='ltr'>Christianorum</span> <span class='ocrx_word' id='word_1_34' title='bbox 1365 1149 1595 1221; x_wconf 79' lang='lat' dir='ltr'>enumerans,</span> <span class='ocrx_word' id='word_1_35' title='bbox 1624 1124 1734 1200; x_wconf 87' lang='lat' dir='ltr'>etiam</span> <span class='ocrx_word' id='word_1_36' title='bbox 1763 1127 1981 1227; x_wconf 87' lang='lat' dir='ltr'>angelorum</span> <span class='ocrx_word' id='word_1_37' title='bbox 2007 1155 2110 1204; x_wconf 92' lang='lat' dir='ltr'>men·</span> 
     </span>
     <span class='ocr_line' id='line_1_6' title="bbox 566 1222 2110 1329; baseline 0 -25"><span class='ocrx_word' id='word_1_38' title='bbox 566 1229 705 1305; x_wconf 90' lang='lat' dir='ltr'>tionem</span> <span class='ocrx_word' id='word_1_39' title='bbox 731 1228 820 1303; x_wconf 84' lang='lat' dir='ltr'>facit</span> <span class='ocrx_word' id='word_1_40' title='bbox 832 1226 905 1328; x_wconf 80' lang='grc'>1)),</span> <span class='ocrx_word' id='word_1_41' title='bbox 935 1227 974 1301; x_wconf 88' lang='lat' dir='ltr'>si</span> <span class='ocrx_word' id='word_1_42' title='bbox 998 1252 1108 1326; x_wconf 90' lang='lat' dir='ltr'>porro</span> <span class='ocrx_word' id='word_1_43' title='bbox 1136 1223 1392 1325; x_wconf 89' lang='lat' dir='ltr'>adiungimus,</span> <span class='ocrx_word' id='word_1_44' title='bbox 1418 1251 1442 1298; x_wconf 93' lang='lat' dir='ltr'>a</span> <span class='ocrx_word' id='word_1_45' title='bbox 1465 1222 1612 1300; x_wconf 79' lang='lat' dir='ltr'>lustino</span> <span class='ocrx_word' id='word_1_46' title='bbox 1640 1228 1801 1303; x_wconf 87' lang='lat' dir='ltr'>maxime</span> <span class='ocrx_word' id='word_1_47' title='bbox 1826 1229 1969 1329; x_wconf 82' lang='lat' dir='ltr'>regium</span> <span class='ocrx_word' id='word_1_48' title='bbox 1995 1244 2030 1306; x_wconf 89' lang='lat' dir='ltr'>et</span> <span class='ocrx_word' id='word_1_49' title='bbox 2054 1231 2110 1304; x_wconf 92' lang='lat' dir='ltr'>iu-</span> 
     </span>
     <span class='ocr_line' id='line_1_7' title="bbox 566 1326 2110 1436; baseline 0.001 -31"><span class='ocrx_word' id='word_1_50' title='bbox 566 1331 765 1406; x_wconf 87' lang='lat' dir='ltr'>stissimum</span> <span class='ocrx_word' id='word_1_51' title='bbox 791 1330 996 1430; x_wconf 87' lang='lat' dir='ltr'>principem</span> <span class='ocrx_word' id='word_1_52' title='bbox 1022 1326 1223 1402; x_wconf 87' lang='lat' dir='ltr'>secuudum</span> <span class='ocrx_word' id='word_1_53' title='bbox 1248 1328 1453 1429; x_wconf 84' lang='lat' dir='ltr'>genitorem</span> <span class='ocrx_word' id='word_1_54' title='bbox 1482 1326 1592 1402; x_wconf 91' lang='lat' dir='ltr'>deum</span> <span class='ocrx_word' id='word_1_55' title='bbox 1617 1329 1865 1430; x_wconf 79' lang='lat' dir='ltr'>nominari2)‚</span> <span class='ocrx_word' id='word_1_56' title='bbox 1888 1331 1936 1406; x_wconf 91' lang='lat' dir='ltr'>ab</span> <span class='ocrx_word' id='word_1_57' title='bbox 1961 1332 2110 1436; x_wconf 69' lang='lat' dir='ltr'>podem·</span> 
     </span>
     <span class='ocr_line' id='line_1_8' title="bbox 566 1428 2109 1547; baseline 0.003 -42"><span class='ocrx_word' id='word_1_58' title='bbox 566 1460 636 1532; x_wconf 91' lang='lat' dir='ltr'>qne</span> <span class='ocrx_word' id='word_1_59' title='bbox 664 1431 799 1529; x_wconf 89' lang='lat' dir='ltr'>doceri,</span> <span class='ocrx_word' id='word_1_60' title='bbox 822 1432 938 1506; x_wconf 89' lang='lat' dir='ltr'>multa</span> <span class='ocrx_word' id='word_1_61' title='bbox 963 1457 1055 1531; x_wconf 88' lang='lat' dir='ltr'>opus</span> <span class='ocrx_word' id='word_1_62' title='bbox 1082 1456 1161 1505; x_wconf 90' lang='lat' dir='ltr'>esse</span> <span class='ocrx_word' id='word_1_63' title='bbox 1187 1428 1408 1547; x_wconf 78' lang='lat' dir='ltr'>precatione,</span> <span class='ocrx_word' id='word_1_64' title='bbox 1441 1455 1488 1503; x_wconf 91' lang='lat' dir='ltr'>ne</span> <span class='ocrx_word' id='word_1_65' title='bbox 1508 1455 1621 1528; x_wconf 88' lang='lat' dir='ltr'>quum</span> <span class='ocrx_word' id='word_1_66' title='bbox 1644 1430 1693 1506; x_wconf 91' lang='lat' dir='ltr'>ad</span> <span class='ocrx_word' id='word_1_67' title='bbox 1719 1432 1855 1507; x_wconf 83' lang='lat' dir='ltr'>exitum</span> <span class='ocrx_word' id='word_1_68' title='bbox 1880 1434 1975 1510; x_wconf 87' lang='lat' dir='ltr'>vitae</span> <span class='ocrx_word' id='word_1_69' title='bbox 2000 1461 2109 1510; x_wconf 88' lang='lat' dir='ltr'>vene-</span> 
     </span>
     <span class='ocr_line' id='line_1_9' title="bbox 567 1531 2111 1638; baseline 0.001 -29"><span class='ocrx_word' id='word_1_70' title='bbox 567 1535 693 1631; x_wconf 89' lang='lat' dir='ltr'>rimus,</span> <span class='ocrx_word' id='word_1_71' title='bbox 719 1534 845 1609; x_wconf 89' lang='lat' dir='ltr'>anima</span> <span class='ocrx_word' id='word_1_72' title='bbox 868 1547 993 1608; x_wconf 89' lang='lat' dir='ltr'>nostra</span> <span class='ocrx_word' id='word_1_73' title='bbox 1018 1532 1104 1608; x_wconf 89' lang='lat' dir='ltr'>licet</span> <span class='ocrx_word' id='word_1_74' title='bbox 1127 1531 1167 1604; x_wconf 91' lang='lat' dir='ltr'>in</span> <span class='ocrx_word' id='word_1_75' title='bbox 1191 1545 1372 1606; x_wconf 77' lang='lat' dir='ltr'>iustorum</span> <span class='ocrx_word' id='word_1_76' title='bbox 1394 1557 1588 1605; x_wconf 91' lang='lat' dir='ltr'>numerum</span> <span class='ocrx_word' id='word_1_77' title='bbox 1614 1532 1745 1608; x_wconf 89' lang='lat' dir='ltr'>haberi</span> <span class='ocrx_word' id='word_1_78' title='bbox 1761 1536 1887 1634; x_wconf 86' lang='lat' dir='ltr'>possit,</span> <span class='ocrx_word' id='word_1_79' title='bbox 1915 1536 2111 1638; x_wconf 84' lang='lat' dir='ltr'>arripiatur</span> 
     </span>
     <span class='ocr_line' id='line_1_10' title="bbox 565 1633 2108 1738; baseline 0.001 -27"><span class='ocrx_word' id='word_1_80' title='bbox 565 1637 613 1711; x_wconf 92' lang='lat' dir='ltr'>ab</span> <span class='ocrx_word' id='word_1_81' title='bbox 652 1636 857 1738; x_wconf 89' lang='lat' dir='ltr'>impudenti</span> <span class='ocrx_word' id='word_1_82' title='bbox 903 1634 1064 1735; x_wconf 91' lang='lat' dir='ltr'>quodam</span> <span class='ocrx_word' id='word_1_83' title='bbox 1108 1646 1144 1709; x_wconf 86' lang='lat' dir='ltr'>et</span> <span class='ocrx_word' id='word_1_84' title='bbox 1183 1635 1282 1708; x_wconf 91' lang='lat' dir='ltr'>malo</span> <span class='ocrx_word' id='word_1_85' title='bbox 1322 1633 1455 1734; x_wconf 88' lang='lat' dir='ltr'>angelo</span> <span class='ocrx_word' id='word_1_86' title='bbox 1475 1633 1525 1731; x_wconf 74' lang='lat'>3),</span> <span class='ocrx_word' id='word_1_87' title='bbox 1576 1660 1701 1711; x_wconf 91' lang='lat' dir='ltr'>nonne</span> <span class='ocrx_word' id='word_1_88' title='bbox 1742 1636 1870 1711; x_wconf 87' lang='lat' dir='ltr'>talium</span> <span class='ocrx_word' id='word_1_89' title='bbox 1913 1639 2108 1714; x_wconf 87' lang='lat' dir='ltr'>seutentia-</span> 
     </span>
     <span class='ocr_line' id='line_1_11' title="bbox 566 1734 2110 1836; baseline 0.003 -24"><span class='ocrx_word' id='word_1_90' title='bbox 566 1765 648 1812; x_wconf 90' lang='lat' dir='ltr'>rum</span> <span class='ocrx_word' id='word_1_91' title='bbox 677 1765 760 1814; x_wconf 90' lang='lat' dir='ltr'>cum</span> <span class='ocrx_word' id='word_1_92' title='bbox 795 1737 1056 1814; x_wconf 85' lang='lat' dir='ltr'>Gnosticorum</span> <span class='ocrx_word' id='word_1_93' title='bbox 1088 1735 1231 1835; x_wconf 89' lang='lat' dir='ltr'>placitis</span> <span class='ocrx_word' id='word_1_94' title='bbox 1269 1734 1576 1810; x_wconf 89' lang='lat' dir='ltr'>necessitudinem</span> <span class='ocrx_word' id='word_1_95' title='bbox 1620 1737 1819 1836; x_wconf 88' lang='lat' dir='ltr'>quamdam</span> <span class='ocrx_word' id='word_1_96' title='bbox 1852 1754 2010 1816; x_wconf 78' lang='lat' dir='ltr'>stamere</span> <span class='ocrx_word' id='word_1_97' title='bbox 2032 1742 2110 1816; x_wconf 87' lang='lat' dir='ltr'>iure</span> 
     </span>
     <span class='ocr_line' id='line_1_12' title="bbox 566 1840 716 1917; baseline 0.007 -4"><span class='ocrx_word' id='word_1_98' title='bbox 566 1840 716 1917; x_wconf 81' lang='lat' dir='ltr'>licebit?</span> 
     </span>
    </p>

    <p class='ocr_par' dir='ltr' id='par_1_3' title="bbox 563 1939 2174 3068">
     <span class='ocr_line' id='line_1_13' title="bbox 668 1939 2109 2039; baseline 0.001 -20"><span class='ocrx_word' id='word_1_99' title='bbox 668 1942 893 2019; x_wconf 84' lang='lat' dir='ltr'>Semischius</span> <span class='ocrx_word' id='word_1_100' title='bbox 927 1941 1020 2015; x_wconf 86' lang='lat' dir='ltr'>ahos</span> <span class='ocrx_word' id='word_1_101' title='bbox 1045 1941 1144 2015; x_wconf 91' lang='lat' dir='ltr'>viros</span> <span class='ocrx_word' id='word_1_102' title='bbox 1177 1939 1306 2014; x_wconf 91' lang='lat' dir='ltr'>doctos</span> <span class='ocrx_word' id='word_1_103' title='bbox 1332 1952 1475 2013; x_wconf 89' lang='lat' dir='ltr'>secutus</span> <span class='ocrx_word' id='word_1_104' title='bbox 1511 1966 1624 2039; x_wconf 89' lang='lat' dir='ltr'>quum</span> <span class='ocrx_word' id='word_1_105' title='bbox 1663 1967 1708 2016; x_wconf 88' lang='lat' dir='ltr'>ex</span> <span class='ocrx_word' id='word_1_106' title='bbox 1730 1941 1897 2017; x_wconf 85' lang='lat' dir='ltr'>Platonis</span> <span class='ocrx_word' id='word_1_107' title='bbox 1931 1944 2109 2021; x_wconf 87' lang='lat' dir='ltr'>doctrinis</span> 
     </span>
     <span class='ocr_line' id='line_1_14' title="bbox 566 2037 2174 2146; baseline 0.002 -27"><span class='ocrx_word' id='word_1_108' title='bbox 566 2045 674 2146; x_wconf 86' lang='lat' dir='ltr'>apolo</span> <span class='ocrx_word' id='word_1_109' title='bbox 703 2058 779 2121; x_wconf 88' lang='lat' dir='ltr'>etas</span> <span class='ocrx_word' id='word_1_110' title='bbox 804 2044 965 2145; x_wconf 88' lang='lat' dir='ltr'>pendere</span> <span class='ocrx_word' id='word_1_111' title='bbox 997 2057 1126 2144; x_wconf 87' lang='lat' dir='ltr'>neget,</span> <span class='ocrx_word' id='word_1_112' title='bbox 1164 2037 1343 2118; x_wconf 84' lang='lat' dir='ltr'>concedat</span> <span class='ocrx_word' id='word_1_113' title='bbox 1375 2067 1462 2116; x_wconf 90' lang='lat' dir='ltr'>vero</span> <span class='ocrx_word' id='word_1_114' title='bbox 1487 2040 1686 2118; x_wconf 90' lang='lat' dir='ltr'>Philonem</span> <span class='ocrx_word' id='word_1_115' title='bbox 1715 2044 1790 2118; x_wconf 87' lang='lat' dir='ltr'>vim</span> <span class='ocrx_word' id='word_1_116' title='bbox 1827 2045 2027 2145; x_wconf 86' lang='lat' dir='ltr'>quamdam</span> <span class='ocrx_word' id='word_1_117' title='bbox 2061 2049 2110 2123; x_wconf 89' lang='lat' dir='ltr'>ad</span> <span class='ocrx_word' id='word_1_118' title='bbox 2167 2073 2174 2088; x_wconf 92' lang='lat'><strong>·</strong></span> 
     </span>
     <span class='ocr_line' id='line_1_15' title="bbox 565 2072 2109 2247; baseline 0.003 -25"><span class='ocrx_word' id='word_1_119' title='bbox 565 2148 655 2222; x_wconf 90' lang='lat' dir='ltr'>tales</span> <span class='ocrx_word' id='word_1_120' title='bbox 675 2072 865 2222; x_wconf 70' lang='lat' dir='ltr'>doctrinas</span> <span class='ocrx_word' id='word_1_121' title='bbox 889 2146 935 2222; x_wconf 88' lang='lat' dir='ltr'>de</span> <span class='ocrx_word' id='word_1_122' title='bbox 957 2147 1100 2247; x_wconf 82' lang='lat' dir='ltr'>angelis</span> <span class='ocrx_word' id='word_1_123' title='bbox 1127 2171 1251 2220; x_wconf 90' lang='lat' dir='ltr'>rerum</span> <span class='ocrx_word' id='word_1_124' title='bbox 1274 2169 1399 2218; x_wconf 90' lang='lat' dir='ltr'>curam</span> <span class='ocrx_word' id='word_1_125' title='bbox 1430 2143 1653 2219; x_wconf 86' lang='lat' dir='ltr'>habentibus</span> <span class='ocrx_word' id='word_1_126' title='bbox 1679 2146 1898 2221; x_wconf 86' lang='lat' dir='ltr'>excolendas</span> <span class='ocrx_word' id='word_1_127' title='bbox 1924 2148 2109 2247; x_wconf 88' lang='lat' dir='ltr'>habuisse,</span> 
     </span>
     <span class='ocr_line' id='line_1_16' title="bbox 565 2245 2108 2349; baseline 0.003 -27"><span class='ocrx_word' id='word_1_128' title='bbox 565 2247 666 2323; x_wconf 92' lang='lat' dir='ltr'>haud</span> <span class='ocrx_word' id='word_1_129' title='bbox 700 2276 852 2349; x_wconf 88' lang='lat' dir='ltr'>parvam</span> <span class='ocrx_word' id='word_1_130' title='bbox 890 2247 1194 2344; x_wconf 79' lang='lat' dir='ltr'>inconstantiam,</span> <span class='ocrx_word' id='word_1_131' title='bbox 1235 2246 1295 2321; x_wconf 89' lang='lat' dir='ltr'>cni</span> <span class='ocrx_word' id='word_1_132' title='bbox 1332 2260 1368 2321; x_wconf 94' lang='lat' dir='ltr'>et</span> <span class='ocrx_word' id='word_1_133' title='bbox 1400 2245 1492 2320; x_wconf 88' lang='lat' dir='ltr'>alias</span> <span class='ocrx_word' id='word_1_134' title='bbox 1528 2245 1569 2319; x_wconf 94' lang='lat' dir='ltr'>in</span> <span class='ocrx_word' id='word_1_135' title='bbox 1603 2245 1743 2321; x_wconf 69' lang='lat' dir='ltr'>tustini</span> <span class='ocrx_word' id='word_1_136' title='bbox 1776 2249 1944 2324; x_wconf 90' lang='lat' dir='ltr'>doctrina</span> <span class='ocrx_word' id='word_1_137' title='bbox 1982 2251 2030 2326; x_wconf 91' lang='lat' dir='ltr'>ab</span> <span class='ocrx_word' id='word_1_138' title='bbox 2064 2280 2108 2327; x_wconf 88' lang='lat' dir='ltr'>eo</span> 
     </span>
     <span class='ocr_line' id='line_1_17' title="bbox 566 2347 2108 2455; baseline 0.003 -30"><span class='ocrx_word' id='word_1_139' title='bbox 566 2350 766 2426; x_wconf 89' lang='lat' dir='ltr'>diiudicata</span> <span class='ocrx_word' id='word_1_140' title='bbox 792 2351 1036 2446; x_wconf 78' lang='lat' dir='ltr'>occurrimus,</span> <span class='ocrx_word' id='word_1_141' title='bbox 1071 2349 1136 2424; x_wconf 92' lang='lat' dir='ltr'>ubi</span> <span class='ocrx_word' id='word_1_142' title='bbox 1163 2348 1209 2424; x_wconf 90' lang='lat' dir='ltr'>de</span> <span class='ocrx_word' id='word_1_143' title='bbox 1236 2348 1470 2424; x_wconf 88' lang='lat' dir='ltr'>cohaerentia</span> <span class='ocrx_word' id='word_1_144' title='bbox 1495 2347 1668 2447; x_wconf 86' lang='lat' dir='ltr'>antiquae</span> <span class='ocrx_word' id='word_1_145' title='bbox 1695 2351 1877 2427; x_wconf 89' lang='lat' dir='ltr'>sentiendi</span> <span class='ocrx_word' id='word_1_146' title='bbox 1903 2353 2108 2455; x_wconf 88' lang='lat' dir='ltr'>cogitandi·</span> 
     </span>
     <span class='ocr_line' id='line_1_18' title="bbox 566 2449 2107 2555; baseline 0.003 -29"><span class='ocrx_word' id='word_1_147' title='bbox 566 2480 637 2553; x_wconf 89' lang='lat' dir='ltr'>que</span> <span class='ocrx_word' id='word_1_148' title='bbox 664 2452 817 2528; x_wconf 91' lang='lat' dir='ltr'>rationis</span> <span class='ocrx_word' id='word_1_149' title='bbox 843 2477 927 2528; x_wconf 89' lang='lat' dir='ltr'>curn</span> <span class='ocrx_word' id='word_1_150' title='bbox 952 2453 1059 2528; x_wconf 88' lang='lat' dir='ltr'>novis</span> <span class='ocrx_word' id='word_1_151' title='bbox 1085 2451 1370 2525; x_wconf 88' lang='lat' dir='ltr'>christianorum</span> <span class='ocrx_word' id='word_1_152' title='bbox 1396 2450 1589 2524; x_wconf 90' lang='lat' dir='ltr'>doctorum</span> <span class='ocrx_word' id='word_1_153' title='bbox 1613 2449 1792 2527; x_wconf 86' lang='lat' dir='ltr'>doctrinis</span> <span class='ocrx_word' id='word_1_154' title='bbox 1820 2454 1998 2555; x_wconf 89' lang='lat' dir='ltr'>disputat,</span> <span class='ocrx_word' id='word_1_155' title='bbox 2024 2484 2107 2532; x_wconf 88' lang='lat' dir='ltr'>sen-</span> 
     </span>
     <span class='ocr_line' id='line_1_19' title="bbox 563 2552 2109 2656; baseline 0.002 -26"><span class='ocrx_word' id='word_1_156' title='bbox 563 2556 687 2630; x_wconf 86' lang='lat' dir='ltr'>tentiis</span> <span class='ocrx_word' id='word_1_157' title='bbox 713 2555 791 2630; x_wconf 89' lang='lat' dir='ltr'>eius</span> <span class='ocrx_word' id='word_1_158' title='bbox 815 2555 946 2651; x_wconf 89' lang='lat' dir='ltr'>inesse,</span> <span class='ocrx_word' id='word_1_159' title='bbox 973 2553 1102 2655; x_wconf 88' lang='lat' dir='ltr'>negari</span> <span class='ocrx_word' id='word_1_160' title='bbox 1127 2581 1203 2627; x_wconf 92' lang='lat' dir='ltr'>non</span> <span class='ocrx_word' id='word_1_161' title='bbox 1231 2580 1340 2653; x_wconf 89' lang='lat' dir='ltr'>posse</span> <span class='ocrx_word' id='word_1_162' title='bbox 1365 2553 1475 2627; x_wconf 92' lang='lat' dir='ltr'>nobis</span> <span class='ocrx_word' id='word_1_163' title='bbox 1501 2552 1646 2627; x_wconf 87' lang='lat' dir='ltr'>videtur</span> <span class='ocrx_word' id='word_1_164' title='bbox 1656 2553 1699 2653; x_wconf 78' lang='lat'>4).</span> <span class='ocrx_word' id='word_1_165' title='bbox 1751 2555 1849 2629; x_wconf 89' lang='lat' dir='ltr'>Nam</span> <span class='ocrx_word' id='word_1_166' title='bbox 1874 2583 1986 2656; x_wconf 92' lang='lat' dir='ltr'>quum</span> <span class='ocrx_word' id='word_1_167' title='bbox 2013 2558 2109 2635; x_wconf 90' lang='lat' dir='ltr'>inter</span> 
     </span>
     <span class='ocr_line' id='line_1_20' title="bbox 564 2653 2108 2757; baseline 0.001 -24"><span class='ocrx_word' id='word_1_168' title='bbox 564 2685 694 2733; x_wconf 90' lang='lat' dir='ltr'>omnes</span> <span class='ocrx_word' id='word_1_169' title='bbox 717 2670 868 2753; x_wconf 89' lang='lat' dir='ltr'>constet,</span> <span class='ocrx_word' id='word_1_170' title='bbox 895 2658 1121 2757; x_wconf 81' lang='lat' dir='ltr'>apologetae,</span> <span class='ocrx_word' id='word_1_171' title='bbox 1148 2655 1330 2757; x_wconf 89' lang='lat' dir='ltr'>imprimis</span> <span class='ocrx_word' id='word_1_172' title='bbox 1351 2653 1539 2729; x_wconf 81' lang='lat' dir='ltr'>Justinum</span> <span class='ocrx_word' id='word_1_173' title='bbox 1564 2682 1642 2729; x_wconf 91' lang='lat' dir='ltr'>non</span> <span class='ocrx_word' id='word_1_174' title='bbox 1668 2655 1795 2732; x_wconf 86' lang='lat' dir='ltr'>leviter</span> <span class='ocrx_word' id='word_1_175' title='bbox 1817 2671 1959 2733; x_wconf 85' lang='lat' dir='ltr'>tantum</span> <span class='ocrx_word' id='word_1_176' title='bbox 1983 2660 2108 2735; x_wconf 89' lang='lat' dir='ltr'>Plato·</span> 
     </span>
     <span class='ocr_line' id='line_1_21' title="bbox 567 2756 2108 2861; baseline 0.003 -27"><span class='ocrx_word' id='word_1_177' title='bbox 567 2760 690 2835; x_wconf 85' lang='lat' dir='ltr'>nicam</span> <span class='ocrx_word' id='word_1_178' title='bbox 716 2759 881 2861; x_wconf 86' lang='lat' dir='ltr'>attigisse</span> <span class='ocrx_word' id='word_1_179' title='bbox 904 2758 1198 2859; x_wconf 90' lang='lat' dir='ltr'>philosophiam,</span> <span class='ocrx_word' id='word_1_180' title='bbox 1231 2756 1296 2832; x_wconf 87' lang='lat' dir='ltr'>sed</span> <span class='ocrx_word' id='word_1_181' title='bbox 1320 2757 1466 2857; x_wconf 82' lang='lat' dir='ltr'>penitus</span> <span class='ocrx_word' id='word_1_182' title='bbox 1492 2783 1575 2832; x_wconf 91' lang='lat' dir='ltr'>eam</span> <span class='ocrx_word' id='word_1_183' title='bbox 1601 2759 1790 2860; x_wconf 80' lang='lat' dir='ltr'>cognitam</span> <span class='ocrx_word' id='word_1_184' title='bbox 1814 2760 2005 2860; x_wconf 89' lang='lat' dir='ltr'>habuisse,</span> <span class='ocrx_word' id='word_1_185' title='bbox 2043 2789 2108 2838; x_wconf 91' lang='lat' dir='ltr'>cur</span> 
     </span>
     <span class='ocr_line' id='line_1_22' title="bbox 567 2859 2107 2983; baseline 0.001 -45"><span class='ocrx_word' id='word_1_186' title='bbox 567 2863 622 2937; x_wconf 87' lang='lat' dir='ltr'>illi</span> <span class='ocrx_word' id='word_1_187' title='bbox 647 2862 715 2938; x_wconf 87' lang='lat' dir='ltr'>viri</span> <span class='ocrx_word' id='word_1_188' title='bbox 737 2860 835 2936; x_wconf 91' lang='lat' dir='ltr'>docti</span> <span class='ocrx_word' id='word_1_189' title='bbox 858 2862 969 2935; x_wconf 90' lang='lat' dir='ltr'>talem</span> <span class='ocrx_word' id='word_1_190' title='bbox 995 2859 1268 2935; x_wconf 87' lang='lat' dir='ltr'>cohaerentiam</span> <span class='ocrx_word' id='word_1_191' title='bbox 1294 2872 1503 2933; x_wconf 86' lang='lat' dir='ltr'>constanter</span> <span class='ocrx_word' id='word_1_192' title='bbox 1528 2875 1665 2960; x_wconf 87' lang='lat' dir='ltr'>negent</span> <span class='ocrx_word' id='word_1_193' title='bbox 1690 2875 1725 2936; x_wconf 89' lang='lat' dir='ltr'>et</span> <span class='ocrx_word' id='word_1_194' title='bbox 1750 2888 1795 2937; x_wconf 84' lang='lat' dir='ltr'>ex</span> <span class='ocrx_word' id='word_1_195' title='bbox 1810 2860 2002 2939; x_wconf 89' lang='lat' dir='ltr'>Platonica</span> <span class='ocrx_word' id='word_1_196' title='bbox 2023 2866 2107 2983; x_wconf 88' lang='lat' dir='ltr'>phi-</span> 
     </span>
     <span class='ocr_line' id='line_1_23' title="bbox 568 2960 2106 3068; baseline 0.002 -29"><span class='ocrx_word' id='word_1_197' title='bbox 568 2964 738 3065; x_wconf 90' lang='lat' dir='ltr'>losophia</span> <span class='ocrx_word' id='word_1_198' title='bbox 761 2964 974 3064; x_wconf 87' lang='lat' dir='ltr'>apologetae</span> <span class='ocrx_word' id='word_1_199' title='bbox 999 2961 1094 3035; x_wconf 90' lang='lat' dir='ltr'>nihil</span> <span class='ocrx_word' id='word_1_200' title='bbox 1119 2987 1270 3061; x_wconf 89' lang='lat' dir='ltr'>prorsus</span> <span class='ocrx_word' id='word_1_201' title='bbox 1295 2960 1470 3035; x_wconf 88' lang='lat' dir='ltr'>habuisse</span> <span class='ocrx_word' id='word_1_202' title='bbox 1497 2961 1739 3058; x_wconf 85' lang='lat' dir='ltr'>contendant,</span> <span class='ocrx_word' id='word_1_203' title='bbox 1771 2990 1849 3038; x_wconf 90' lang='lat' dir='ltr'>non</span> <span class='ocrx_word' id='word_1_204' title='bbox 1881 2965 2106 3068; x_wconf 77' lang='lat' dir='ltr'>intelligitur.</span> 
     </span>
    </p>
   </div>
   <div class='ocr_carea' id='block_1_3' title="bbox 566 3061 2108 3239">
    <p class='ocr_par' dir='ltr' id='par_1_4' title="bbox 566 3061 2108 3239">
     <span class='ocr_line' id='line_1_24' title="bbox 566 3061 2108 3239; baseline 0.004 -99"><span class='ocrx_word' id='word_1_205' title='bbox 566 3066 761 3141; x_wconf 86' lang='lat' dir='ltr'>Praeterea</span> <span class='ocrx_word' id='word_1_206' title='bbox 783 3064 898 3165; x_wconf 87' lang='lat' dir='ltr'>ipsius</span> <span class='ocrx_word' id='word_1_207' title='bbox 922 3063 1091 3137; x_wconf 88' lang='lat' dir='ltr'>Philonis</span> <span class='ocrx_word' id='word_1_208' title='bbox 1117 3061 1314 3239; x_wconf 62' lang='lat' dir='ltr'>disciplina</span> <span class='ocrx_word' id='word_1_209' title='bbox 1338 3076 1392 3136; x_wconf 89' lang='lat' dir='ltr'>tot</span> <span class='ocrx_word' id='word_1_210' title='bbox 1420 3061 1587 3137; x_wconf 88' lang='lat' dir='ltr'>Platonis</span> <span class='ocrx_word' id='word_1_211' title='bbox 1614 3063 1800 3139; x_wconf 89' lang='lat' dir='ltr'>doctrinas</span> <span class='ocrx_word' id='word_1_212' title='bbox 1832 3085 2036 3167; x_wconf 88' lang='lat' dir='ltr'>receperat,</span> <span class='ocrx_word' id='word_1_213' title='bbox 2068 3085 2108 3146; x_wconf 93' lang='lat' dir='ltr'>ut</span> 
     </span>
    </p>
   </div>
   <div class='ocr_carea' id='block_1_4' title="bbox 562 3165 2107 4490">
    <p class='ocr_par' dir='ltr' id='par_1_5' title="bbox 562 3165 2107 4490">
     <span class='ocr_line' id='line_1_25' title="bbox 566 3165 1191 3263; baseline -0.008 -20"><span class='ocrx_word' id='word_1_214' title='bbox 566 3167 737 3243; x_wconf 91' lang='lat' dir='ltr'>Philonis</span> <span class='ocrx_word' id='word_1_215' title='bbox 764 3165 976 3241; x_wconf 89' lang='lat' dir='ltr'>auctoritate</span> <span class='ocrx_word' id='word_1_216' title='bbox 999 3189 1191 3263; x_wconf 88' lang='lat' dir='ltr'>concessa,</span> 
     </span>
     <span class='ocr_line' id='line_1_26' title="bbox 564 3266 2107 3372; baseline 0.003 -27"><span class='ocrx_word' id='word_1_217' title='bbox 564 3271 614 3345; x_wconf 92' lang='lat' dir='ltr'>ad</span> <span class='ocrx_word' id='word_1_218' title='bbox 640 3271 853 3372; x_wconf 81' lang='lat' dir='ltr'>apologetae</span> <span class='ocrx_word' id='word_1_219' title='bbox 876 3267 1071 3363; x_wconf 89' lang='lat' dir='ltr'>habuisse,</span> <span class='ocrx_word' id='word_1_220' title='bbox 1103 3294 1213 3341; x_wconf 90' lang='lat' dir='ltr'>nemo</span> <span class='ocrx_word' id='word_1_221' title='bbox 1239 3266 1376 3341; x_wconf 90' lang='lat' dir='ltr'>infitias</span> <span class='ocrx_word' id='word_1_222' title='bbox 1405 3266 1520 3341; x_wconf 89' lang='lat' dir='ltr'>iturus</span> <span class='ocrx_word' id='word_1_223' title='bbox 1548 3267 1605 3341; x_wconf 90' lang='lat' dir='ltr'>sit.</span> <span class='ocrx_word' id='word_1_224' title='bbox 1665 3266 1769 3359; x_wconf 76' lang='lat' dir='ltr'>Quae</span> <span class='ocrx_word' id='word_1_225' title='bbox 1795 3269 1894 3345; x_wconf 91' lang='lat' dir='ltr'>enim</span> <span class='ocrx_word' id='word_1_226' title='bbox 1919 3271 1992 3348; x_wconf 89' lang='lat' dir='ltr'>fide</span> <span class='ocrx_word' id='word_1_227' title='bbox 2019 3299 2107 3349; x_wconf 93' lang='lat' dir='ltr'>con-</span> 
     </span>
     <span class='ocr_line' id='line_1_27' title="bbox 563 3369 2107 3474; baseline 0.003 -27"><span class='ocrx_word' id='word_1_228' title='bbox 563 3373 791 3468; x_wconf 88' lang='lat' dir='ltr'>tinebantur,</span> <span class='ocrx_word' id='word_1_229' title='bbox 826 3370 1015 3445; x_wconf 88' lang='lat' dir='ltr'>doctrinae</span> <span class='ocrx_word' id='word_1_230' title='bbox 1039 3396 1117 3443; x_wconf 92' lang='lat' dir='ltr'>non</span> <span class='ocrx_word' id='word_1_231' title='bbox 1142 3383 1219 3444; x_wconf 89' lang='lat' dir='ltr'>tam</span> <span class='ocrx_word' id='word_1_232' title='bbox 1243 3382 1362 3445; x_wconf 86' lang='lat' dir='ltr'>certae</span> <span class='ocrx_word' id='word_1_233' title='bbox 1384 3384 1488 3444; x_wconf 88' lang='lat' dir='ltr'>erant</span> <span class='ocrx_word' id='word_1_234' title='bbox 1513 3369 1560 3444; x_wconf 91' lang='lat' dir='ltr'>ab</span> <span class='ocrx_word' id='word_1_235' title='bbox 1586 3369 1712 3467; x_wconf 91' lang='lat' dir='ltr'>initio,</span> <span class='ocrx_word' id='word_1_236' title='bbox 1736 3385 1777 3445; x_wconf 90' lang='lat' dir='ltr'>ut</span> <span class='ocrx_word' id='word_1_237' title='bbox 1801 3372 1850 3447; x_wconf 90' lang='lat' dir='ltr'>ad</span> <span class='ocrx_word' id='word_1_238' title='bbox 1875 3376 2107 3474; x_wconf 86' lang='lat' dir='ltr'>quaestiones</span> 
     </span>
     <span class='ocr_line' id='line_1_28' title="bbox 564 3471 2105 3574; baseline 0.003 -24"><span class='ocrx_word' id='word_1_239' title='bbox 564 3473 863 3574; x_wconf 85' lang='lat' dir='ltr'>contemplativas</span> <span class='ocrx_word' id='word_1_240' title='bbox 889 3473 947 3548; x_wconf 90' lang='lat' dir='ltr'>vel</span> <span class='ocrx_word' id='word_1_241' title='bbox 973 3484 1014 3545; x_wconf 90' lang='lat' dir='ltr'>ut</span> <span class='ocrx_word' id='word_1_242' title='bbox 1037 3471 1110 3546; x_wconf 92' lang='lat' dir='ltr'>hoc</span> <span class='ocrx_word' id='word_1_243' title='bbox 1132 3471 1246 3548; x_wconf 87' lang='lat' dir='ltr'>verbo</span> <span class='ocrx_word' id='word_1_244' title='bbox 1272 3485 1355 3546; x_wconf 91' lang='lat' dir='ltr'>utar</span> <span class='ocrx_word' id='word_1_245' title='bbox 1387 3471 1628 3572; x_wconf 88' lang='lat' dir='ltr'>speculativas</span> <span class='ocrx_word' id='word_1_246' title='bbox 1657 3473 1779 3547; x_wconf 87' lang='lat' dir='ltr'>statim</span> <span class='ocrx_word' id='word_1_247' title='bbox 1814 3475 1909 3550; x_wconf 87' lang='lat' dir='ltr'>iusta</span> <span class='ocrx_word' id='word_1_248' title='bbox 1941 3491 1977 3552; x_wconf 91' lang='lat' dir='ltr'>et</span> <span class='ocrx_word' id='word_1_249' title='bbox 2008 3479 2105 3554; x_wconf 90' lang='lat' dir='ltr'>chri-</span> 
     </span>
     <span class='ocr_line' id='line_1_29' title="bbox 564 3573 2105 3673; baseline 0.003 -23"><span class='ocrx_word' id='word_1_250' title='bbox 564 3578 705 3651; x_wconf 88' lang='lat' dir='ltr'>stianae</span> <span class='ocrx_word' id='word_1_251' title='bbox 746 3574 990 3649; x_wconf 89' lang='lat' dir='ltr'>conscientiae</span> <span class='ocrx_word' id='word_1_252' title='bbox 1017 3574 1097 3647; x_wconf 88' lang='lat' dir='ltr'>sola</span> <span class='ocrx_word' id='word_1_253' title='bbox 1135 3573 1357 3648; x_wconf 90' lang='lat' dir='ltr'>conveniens</span> <span class='ocrx_word' id='word_1_254' title='bbox 1393 3573 1585 3673; x_wconf 88' lang='lat' dir='ltr'>responsio</span> <span class='ocrx_word' id='word_1_255' title='bbox 1620 3573 1857 3652; x_wconf 87' lang='lat' dir='ltr'>inveniretur.</span> <span class='ocrx_word' id='word_1_256' title='bbox 1921 3579 2105 3655; x_wconf 87' lang='lat' dir='ltr'>Nimirum</span> 
     </span>
     <span class='ocr_line' id='line_1_30' title="bbox 563 3674 2105 3779; baseline 0.002 -26"><span class='ocrx_word' id='word_1_257' title='bbox 563 3679 780 3779; x_wconf 89' lang='lat' dir='ltr'>apologetae</span> <span class='ocrx_word' id='word_1_258' title='bbox 806 3675 997 3750; x_wconf 89' lang='lat' dir='ltr'>christiani</span> <span class='ocrx_word' id='word_1_259' title='bbox 1028 3674 1221 3776; x_wconf 89' lang='lat' dir='ltr'>gentilium</span> <span class='ocrx_word' id='word_1_260' title='bbox 1245 3676 1443 3750; x_wconf 86' lang='lat' dir='ltr'>sententias</span> <span class='ocrx_word' id='word_1_261' title='bbox 1472 3676 1568 3750; x_wconf 86' lang='lat' dir='ltr'>clam</span> <span class='ocrx_word' id='word_1_262' title='bbox 1592 3675 1768 3753; x_wconf 87' lang='lat' dir='ltr'>inducere</span> <span class='ocrx_word' id='word_1_263' title='bbox 1800 3679 1839 3754; x_wconf 91' lang='lat' dir='ltr'>in</span> <span class='ocrx_word' id='word_1_264' title='bbox 1867 3680 2105 3757; x_wconf 88' lang='lat' dir='ltr'>christianam</span> 
     </span>
     <span class='ocr_line' id='line_1_31' title="bbox 563 3776 2103 3881; baseline 0.002 -26"><span class='ocrx_word' id='word_1_265' title='bbox 563 3779 798 3880; x_wconf 84' lang='lat' dir='ltr'>disciplinam</span> <span class='ocrx_word' id='word_1_266' title='bbox 838 3777 1033 3874; x_wconf 90' lang='lat' dir='ltr'>nolebant,</span> <span class='ocrx_word' id='word_1_267' title='bbox 1079 3776 1144 3853; x_wconf 91' lang='lat' dir='ltr'>sed</span> <span class='ocrx_word' id='word_1_268' title='bbox 1182 3804 1295 3876; x_wconf 91' lang='lat' dir='ltr'>quum</span> <span class='ocrx_word' id='word_1_269' title='bbox 1334 3778 1606 3877; x_wconf 85' lang='lat' dir='ltr'>expressionem</span> <span class='ocrx_word' id='word_1_270' title='bbox 1644 3781 1843 3878; x_wconf 87' lang='lat' dir='ltr'>quamdam</span> <span class='ocrx_word' id='word_1_271' title='bbox 1878 3799 2103 3881; x_wconf 84' lang='lat' dir='ltr'>quaererent,</span> 
     </span>
     <span class='ocr_line' id='line_1_32' title="bbox 562 3878 2104 3983; baseline 0.003 -26"><span class='ocrx_word' id='word_1_272' title='bbox 562 3882 652 3958; x_wconf 87' lang='lat' dir='ltr'>fidei</span> <span class='ocrx_word' id='word_1_273' title='bbox 673 3895 815 3983; x_wconf 89' lang='lat' dir='ltr'>aptam,</span> <span class='ocrx_word' id='word_1_274' title='bbox 841 3880 1015 3955; x_wconf 85' lang='lat' dir='ltr'>facillime</span> <span class='ocrx_word' id='word_1_275' title='bbox 1040 3880 1177 3954; x_wconf 85' lang='lat' dir='ltr'>factum</span> <span class='ocrx_word' id='word_1_276' title='bbox 1204 3892 1268 3975; x_wconf 83' lang='lat' dir='ltr'>est,</span> <span class='ocrx_word' id='word_1_277' title='bbox 1294 3893 1335 3953; x_wconf 90' lang='lat' dir='ltr'>ut</span> <span class='ocrx_word' id='word_1_278' title='bbox 1359 3878 1469 3953; x_wconf 90' lang='lat' dir='ltr'>totius</span> <span class='ocrx_word' id='word_1_279' title='bbox 1491 3881 1619 3956; x_wconf 87' lang='lat' dir='ltr'>aetatis</span> <span class='ocrx_word' id='word_1_280' title='bbox 1637 3881 1786 3982; x_wconf 91' lang='lat' dir='ltr'>propria</span> <span class='ocrx_word' id='word_1_281' title='bbox 1809 3884 1990 3958; x_wconf 90' lang='lat' dir='ltr'>sentiendi</span> <span class='ocrx_word' id='word_1_282' title='bbox 2010 3886 2104 3961; x_wconf 87' lang='lat' dir='ltr'>ratio</span> 
     </span>
     <span class='ocr_line' id='line_1_33' title="bbox 563 3981 2103 4087; baseline 0.003 -28"><span class='ocrx_word' id='word_1_283' title='bbox 563 3985 814 4060; x_wconf 85' lang='lat' dir='ltr'>auctoritatem</span> <span class='ocrx_word' id='word_1_284' title='bbox 843 4009 947 4057; x_wconf 89' lang='lat' dir='ltr'>suam</span> <span class='ocrx_word' id='word_1_285' title='bbox 970 3982 1176 4084; x_wconf 91' lang='lat' dir='ltr'>imponeret</span> <span class='ocrx_word' id='word_1_286' title='bbox 1200 3981 1240 4055; x_wconf 92' lang='lat' dir='ltr'>in</span> <span class='ocrx_word' id='word_1_287' title='bbox 1266 3981 1373 4056; x_wconf 83' lang='lat' dir='ltr'>novis</span> <span class='ocrx_word' id='word_1_288' title='bbox 1399 3981 1448 4055; x_wconf 88' lang='lat' dir='ltr'>ad</span> <span class='ocrx_word' id='word_1_289' title='bbox 1474 3998 1589 4059; x_wconf 81' lang='lat' dir='ltr'>artem</span> <span class='ocrx_word' id='word_1_290' title='bbox 1613 3984 1831 4058; x_wconf 87' lang='lat' dir='ltr'>revocandis</span> <span class='ocrx_word' id='word_1_291' title='bbox 1857 3984 2103 4087; x_wconf 86' lang='lat' dir='ltr'>dogmatibus.</span> 
     </span>
     <span class='ocr_line' id='line_1_34' title="bbox 562 4082 2104 4191; baseline 0.001 -28"><span class='ocrx_word' id='word_1_292' title='bbox 562 4088 643 4163; x_wconf 90' lang='lat' dir='ltr'>lmo</span> <span class='ocrx_word' id='word_1_293' title='bbox 680 4084 866 4187; x_wconf 91' lang='lat' dir='ltr'>quomodo</span> <span class='ocrx_word' id='word_1_294' title='bbox 900 4085 948 4159; x_wconf 90' lang='lat' dir='ltr'>ad</span> <span class='ocrx_word' id='word_1_295' title='bbox 982 4084 1176 4160; x_wconf 88' lang='lat' dir='ltr'>Platonem</span> <span class='ocrx_word' id='word_1_296' title='bbox 1208 4082 1374 4183; x_wconf 88' lang='lat' dir='ltr'>aliosque</span> <span class='ocrx_word' id='word_1_297' title='bbox 1407 4084 1649 4185; x_wconf 90' lang='lat' dir='ltr'>philosophos</span> <span class='ocrx_word' id='word_1_298' title='bbox 1681 4097 1757 4158; x_wconf 86' lang='lat' dir='ltr'>tarn</span> <span class='ocrx_word' id='word_1_299' title='bbox 1792 4113 1900 4187; x_wconf 86' lang='lat' dir='ltr'>saepe</span> <span class='ocrx_word' id='word_1_300' title='bbox 1933 4087 2104 4191; x_wconf 87' lang='lat' dir='ltr'>delegare</span> 
     </span>
     <span class='ocr_line' id='line_1_35' title="bbox 562 4184 2103 4291; baseline 0.001 -25"><span class='ocrx_word' id='word_1_301' title='bbox 562 4203 750 4291; x_wconf 86' lang='lat' dir='ltr'>poterant,</span> <span class='ocrx_word' id='word_1_302' title='bbox 777 4187 850 4262; x_wconf 90' lang='lat' dir='ltr'>nisi</span> <span class='ocrx_word' id='word_1_303' title='bbox 874 4187 914 4260; x_wconf 89' lang='lat' dir='ltr'>in</span> <span class='ocrx_word' id='word_1_304' title='bbox 939 4187 1063 4262; x_wconf 89' lang='lat' dir='ltr'>multis</span> <span class='ocrx_word' id='word_1_305' title='bbox 1089 4184 1268 4261; x_wconf 91' lang='lat' dir='ltr'>doctrinis</span> <span class='ocrx_word' id='word_1_306' title='bbox 1293 4184 1537 4261; x_wconf 87' lang='lat' dir='ltr'>differentiam</span> <span class='ocrx_word' id='word_1_307' title='bbox 1566 4186 1661 4262; x_wconf 86' lang='lat' dir='ltr'>inter</span> <span class='ocrx_word' id='word_1_308' title='bbox 1690 4185 1782 4261; x_wconf 88' lang='lat' dir='ltr'>duas</span> <span class='ocrx_word' id='word_1_309' title='bbox 1806 4189 1985 4287; x_wconf 89' lang='lat' dir='ltr'>rationes,</span> <span class='ocrx_word' id='word_1_310' title='bbox 2021 4218 2103 4267; x_wconf 90' lang='lat' dir='ltr'>eam</span> 
     </span>
     <span class='ocr_line' id='line_1_36' title="bbox 562 4287 2102 4392; baseline 0.003 -27"><span class='ocrx_word' id='word_1_311' title='bbox 562 4318 675 4391; x_wconf 88' lang='lat' dir='ltr'>quam</span> <span class='ocrx_word' id='word_1_312' title='bbox 701 4289 904 4366; x_wconf 88' lang='lat' dir='ltr'>adversarii</span> <span class='ocrx_word' id='word_1_313' title='bbox 936 4290 1149 4386; x_wconf 79' lang='lat' dir='ltr'>urebantur,</span> <span class='ocrx_word' id='word_1_314' title='bbox 1191 4301 1227 4363; x_wconf 92' lang='lat' dir='ltr'>et</span> <span class='ocrx_word' id='word_1_315' title='bbox 1261 4314 1358 4363; x_wconf 89' lang='lat' dir='ltr'>eam.</span> <span class='ocrx_word' id='word_1_316' title='bbox 1380 4313 1491 4386; x_wconf 89' lang='lat' dir='ltr'>quam</span> <span class='ocrx_word' id='word_1_317' title='bbox 1525 4287 1597 4388; x_wconf 89' lang='lat' dir='ltr'>ipsi</span> <span class='ocrx_word' id='word_1_318' title='bbox 1628 4288 1819 4365; x_wconf 89' lang='lat' dir='ltr'>christiani</span> <span class='ocrx_word' id='word_1_319' title='bbox 1845 4290 2102 4392; x_wconf 84' lang='lat' dir='ltr'>defendebant,</span> 
     </span>
     <span class='ocr_line' id='line_1_37' title="bbox 562 4389 2103 4490; baseline 0.003 -23"><span class='ocrx_word' id='word_1_320' title='bbox 562 4393 727 4469; x_wconf 88' lang='lat' dir='ltr'>nondum</span> <span class='ocrx_word' id='word_1_321' title='bbox 751 4390 1121 4490; x_wconf 78' lang='lat' dir='ltr'>animadvertissent?</span> <span class='ocrx_word' id='word_1_322' title='bbox 1147 4390 1230 4489; x_wconf 89' lang='lat' dir='ltr'>quis</span> <span class='ocrx_word' id='word_1_323' title='bbox 1254 4415 1318 4464; x_wconf 88' lang='lat' dir='ltr'>eos</span> <span class='ocrx_word' id='word_1_324' title='bbox 1344 4389 1550 4490; x_wconf 88' lang='lat' dir='ltr'>vituperare</span> <span class='ocrx_word' id='word_1_325' title='bbox 1574 4390 1677 4488; x_wconf 88' lang='lat' dir='ltr'>velit,</span> <span class='ocrx_word' id='word_1_326' title='bbox 1705 4392 1769 4490; x_wconf 92' lang='lat' dir='ltr'>qui</span> <span class='ocrx_word' id='word_1_327' title='bbox 1793 4392 1833 4467; x_wconf 90' lang='lat' dir='ltr'>in</span> <span class='ocrx_word' id='word_1_328' title='bbox 1859 4393 1942 4469; x_wconf 87' lang='lat' dir='ltr'>eliis</span> <span class='ocrx_word' id='word_1_329' title='bbox 1968 4394 2103 4473; x_wconf 92' lang='lat' dir='ltr'>doctri-</span> 
     </span>
    </p>
   </div>
   <div class='ocr_carea' id='block_1_5' title="bbox 1250 3165 2107 3267">
    <p class='ocr_par' dir='ltr' id='par_1_6' title="bbox 1250 3165 2107 3267">
     <span class='ocr_line' id='line_1_38' title="bbox 1250 3165 2107 3267; baseline 0.008 -28"><span class='ocrx_word' id='word_1_330' title='bbox 1250 3166 1411 3240; x_wconf 86' lang='lat' dir='ltr'>latonem</span> <span class='ocrx_word' id='word_1_331' title='bbox 1439 3178 1535 3240; x_wconf 88' lang='lat' dir='ltr'>certe</span> <span class='ocrx_word' id='word_1_332' title='bbox 1561 3165 1780 3240; x_wconf 89' lang='lat' dir='ltr'>indirectam</span> <span class='ocrx_word' id='word_1_333' title='bbox 1808 3169 2003 3267; x_wconf 89' lang='lat' dir='ltr'>quamdam</span> <span class='ocrx_word' id='word_1_334' title='bbox 2031 3173 2107 3246; x_wconf 92' lang='lat' dir='ltr'>vim</span> 
     </span>
    </p>
   </div>
   <div class='ocr_carea' id='block_1_6' title="bbox 670 4678 1946 5077">
    <p class='ocr_par' dir='ltr' id='par_1_7' title="bbox 674 4678 1712 4763">
     <span class='ocr_line' id='line_1_39' title="bbox 674 4678 1712 4763; baseline 0 -21"><span class='ocrx_word' id='word_1_335' title='bbox 674 4686 708 4760; x_wconf 88' lang='lat'>1)</span> <span class='ocrx_word' id='word_1_336' title='bbox 730 4682 840 4742; x_wconf 82' lang='lat' dir='ltr'>Athen.</span> <span class='ocrx_word' id='word_1_337' title='bbox 865 4682 970 4763; x_wconf 86' lang='lat' dir='ltr'>Suppl.</span> <span class='ocrx_word' id='word_1_338' title='bbox 994 4688 1036 4746; x_wconf 90' lang='grc'>10</span> <span class='ocrx_word' id='word_1_339' title='bbox 1058 4703 1088 4762; x_wconf 88' lang='lat' dir='ltr'>p.</span> <span class='ocrx_word' id='word_1_340' title='bbox 1111 4683 1162 4742; x_wconf 79' lang='lat'>48.</span> <span class='ocrx_word' id='word_1_341' title='bbox 1205 4681 1288 4743; x_wconf 84' lang='lat' dir='ltr'>Just.</span> <span class='ocrx_word' id='word_1_342' title='bbox 1310 4682 1401 4762; x_wconf 87' lang='lat' dir='ltr'>Apol.</span> <span class='ocrx_word' id='word_1_343' title='bbox 1424 4680 1456 4754; x_wconf 92' lang='lat'>1,</span> <span class='ocrx_word' id='word_1_344' title='bbox 1478 4700 1504 4743; x_wconf 88' lang='lat' dir='ltr'>c.</span> <span class='ocrx_word' id='word_1_345' title='bbox 1528 4683 1547 4741; x_wconf 89' lang='grc'><strong>6</strong></span> <span class='ocrx_word' id='word_1_346' title='bbox 1570 4700 1600 4760; x_wconf 85' lang='lat' dir='ltr'>p.</span> <span class='ocrx_word' id='word_1_347' title='bbox 1624 4678 1712 4742; x_wconf 76' lang='lat'>560.</span> 
     </span>
    </p>

    <p class='ocr_par' dir='ltr' id='par_1_8' title="bbox 671 4787 1149 4870">
     <span class='ocr_line' id='line_1_40' title="bbox 671 4787 1149 4870; baseline -0.004 -23"><span class='ocrx_word' id='word_1_348' title='bbox 671 4790 705 4866; x_wconf 80' lang='lat'>2)</span> <span class='ocrx_word' id='word_1_349' title='bbox 728 4788 817 4868; x_wconf 85' lang='lat' dir='ltr'>Apol.</span> <span class='ocrx_word' id='word_1_350' title='bbox 839 4788 871 4862; x_wconf 92' lang='grc' dir='ltr'>Ι,</span> <span class='ocrx_word' id='word_1_351' title='bbox 894 4809 919 4848; x_wconf 90' lang='lat' dir='ltr'>e.</span> <span class='ocrx_word' id='word_1_352' title='bbox 943 4792 983 4849; x_wconf 79' lang='lat'>12</span> <span class='ocrx_word' id='word_1_353' title='bbox 1005 4810 1036 4870; x_wconf 89' lang='lat' dir='ltr'>p.</span> <span class='ocrx_word' id='word_1_354' title='bbox 1059 4787 1149 4848; x_wconf 81' lang='lat' dir='ltr'>59E.</span> 
     </span>
    </p>

    <p class='ocr_par' dir='ltr' id='par_1_9' title="bbox 670 4890 1331 4972">
     <span class='ocr_line' id='line_1_41' title="bbox 670 4890 1331 4972; baseline -0.003 -20"><span class='ocrx_word' id='word_1_355' title='bbox 670 4891 701 4969; x_wconf 84' lang='lat'>3)</span> <span class='ocrx_word' id='word_1_356' title='bbox 725 4891 805 4951; x_wconf 81' lang='lat' dir='ltr'>Dial.</span> <span class='ocrx_word' id='word_1_357' title='bbox 828 4912 854 4951; x_wconf 84' lang='lat' dir='ltr'>o.</span> <span class='ocrx_word' id='word_1_358' title='bbox 875 4893 929 4957; x_wconf 78' lang='lat' dir='ltr'>Tr.</span> <span class='ocrx_word' id='word_1_359' title='bbox 962 4914 987 4953; x_wconf 91' lang='lat' dir='ltr'>c.</span> <span class='ocrx_word' id='word_1_360' title='bbox 1013 4893 1074 4954; x_wconf 83' lang='lat'>105</span> <span class='ocrx_word' id='word_1_361' title='bbox 1096 4910 1126 4970; x_wconf 84' lang='lat' dir='ltr'>p.</span> <span class='ocrx_word' id='word_1_362' title='bbox 1151 4892 1213 4951; x_wconf 81' lang='lat'>332</span> <span class='ocrx_word' id='word_1_363' title='bbox 1225 4890 1264 4950; x_wconf 84' lang='grc' dir='ltr'>Ε.</span> <span class='ocrx_word' id='word_1_364' title='bbox 1287 4911 1331 4972; x_wconf 88' lang='lat' dir='ltr'>sq.</span> 
     </span>
    </p>

    <p class='ocr_par' dir='ltr' id='par_1_10' title="bbox 672 4989 1946 5077">
     <span class='ocr_line' id='line_1_42' title="bbox 672 4989 1946 5077; baseline 0.001 -25"><span class='ocrx_word' id='word_1_365' title='bbox 672 4995 705 5070; x_wconf 77' lang='lat'>4)</span> <span class='ocrx_word' id='word_1_366' title='bbox 728 4993 764 5053; x_wconf 83' lang='lat' dir='ltr'>ef.</span> <span class='ocrx_word' id='word_1_367' title='bbox 788 4994 922 5056; x_wconf 85' lang='lat' dir='ltr'>Semisch</span> <span class='ocrx_word' id='word_1_368' title='bbox 945 5017 975 5077; x_wconf 90' lang='lat' dir='ltr'>p.</span> <span class='ocrx_word' id='word_1_369' title='bbox 999 4998 1061 5056; x_wconf 80' lang='lat'>348</span> <span class='ocrx_word' id='word_1_370' title='bbox 1085 5014 1129 5073; x_wconf 86' lang='lat' dir='ltr'>sq.</span> <span class='ocrx_word' id='word_1_371' title='bbox 1174 4993 1245 5053; x_wconf 86' lang='lat' dir='ltr'>Keil</span> <span class='ocrx_word' id='word_1_372' title='bbox 1270 4993 1381 5075; x_wconf 86' lang='lat' dir='ltr'>Opose.</span> <span class='ocrx_word' id='word_1_373' title='bbox 1405 4993 1560 5055; x_wconf 76' lang='lat' dir='ltr'>needed.</span> <span class='ocrx_word' id='word_1_374' title='bbox 1584 4989 1740 5052; x_wconf 85' lang='lat' dir='ltr'>Goldhorn</span> <span class='ocrx_word' id='word_1_375' title='bbox 1764 5012 1793 5071; x_wconf 86' lang='lat' dir='ltr'>p.</span> <span class='ocrx_word' id='word_1_376' title='bbox 1816 4996 1878 5055; x_wconf 73' lang='grc'>544</span> <span class='ocrx_word' id='word_1_377' title='bbox 1902 5015 1946 5073; x_wconf 85' lang='lat' dir='ltr'>sq.</span> 
     </span>
    </p>
   </div>
   <div class='ocr_carea' id='block_1_7' title="bbox 0 0 2522 6084">
    <p class='ocr_par' dir='ltr' id='par_1_11' title="bbox 0 0 2522 6084">
     <span class='ocr_line' id='line_1_43' title="bbox 0 0 2522 6084; baseline 0 3"><span class='ocrx_word' id='word_1_378' title='bbox 0 0 2522 6084; x_wconf 95' lang='lat' dir='ltr'> </span> 
     </span>
    </p>
   </div>
  </div>
 </body>
</html>
