5034 6084
1290 638 1376 712 21·

553 838 601 913 ob
629 840 790 915 calorem
816 853 851 915 et
877 841 953 913 vim
979 853 1279 940 exsuperantem,
1311 853 1448 937 quanto
1475 840 1597 941 magis
1623 838 1694 914 Dei
1714 840 1873 941 gloriam
1900 831 1995 940 quae
2021 867 2098 914 non

553 954 607 1015 est
624 942 846 1016 enarrabilis
866 943 967 1043 (δόξῃ
984 940 1220 1041 ἆνεκφράστῳ
1238 940 1339 1041 οὔσῃ)
1356 941 1522 1016 mortalis
1543 943 1656 1016 homo
1675 941 1810 1017 intueri
1829 970 1905 1017 non
1923 958 2042 1043 potest
2053 942 2095 1042 1).

656 1042 757 1134 Quas
793 1044 942 1143 quidem
976 1044 1175 1120 sententias
1211 1070 1313 1119 mere
1348 1044 1553 1143 platonicas
1586 1069 1667 1118 esse
1705 1044 1918 1145 saepissime
1951 1071 2095 1120 asseve-

554 1145 687 1219 rabant
708 1145 781 1219 viri
808 1145 926 1243 docti,
957 1173 1085 1221 omnes
1111 1146 1205 1241 fere,
1232 1158 1272 1219 ut
1294 1146 1511 1220 sententiam
1532 1146 1664 1221 melius
1690 1146 1945 1241 defenderent,
1973 1148 2096 1221 locum

554 1249 616 1346 qui
642 1248 740 1348 apud
754 1249 948 1323 ⁰Iustinum
978 1249 1017 1322 in
1044 1248 1204 1350 Dialogo
1229 1247 1383 1348 legitur,
1417 1249 1610 1323 atterentes
1637 1248 1683 1348 (c.
1709 1252 1754 1344 4,
1788 1276 1823 1347 p.
1849 1251 1923 1322 221
1951 1248 1992 1323 C.
2010 1249 2094 1349 .D.),

553 1349 618 1424 ubi
642 1350 809 1425 Platonis
844 1351 890 1425 de
915 1351 995 1426 Deo
1022 1350 1191 1424 laudatur
1216 1348 1403 1446 docmina,
1440 1350 1606 1424 divinum
1639 1377 1777 1425 numen
1813 1378 1925 1451 supra
1946 1378 2093 1426 omnem

554 1452 748 1527 essentiam
783 1479 862 1528 esse
896 1481 972 1527 non
1000 1451 1207 1529 enarrabile
1233 1477 1353 1550 neque
1387 1452 1605 1552 explicabile
1618 1454 1661 1552 2).
1720 1453 1770 1526 At
1794 1452 1895 1552 quod
1921 1452 1968 1526 ad
1995 1454 2094 1527 hunc

496 1566 500 1575 '
554 1580 599 1629 cx
629 1555 788 1655 Dialogo
825 1581 907 1629 cnm
944 1555 1147 1655 Tryphone
1181 1554 1370 1628 laudatum
1405 1555 1527 1629 locum
1562 1555 1707 1650 attinet,
1745 1554 1965 1629 Platonismi
1988 1556 2093 1629 lusti-

552 1656 656 1729 niani
692 1672 949 1757 argumentum
980 1684 1064 1735 eum
1097 1683 1195 1754 esse,
1231 1656 1342 1731 nobis
1368 1683 1445 1730 uon
1471 1656 1624 1731 videtur.
1685 1656 1782 1730 Nam
1818 1673 1858 1730 ut
1888 1674 1986 1732 recte
2019 1657 2093 1732 iam

555 1757 779 1834 Semischius
792 1760 822 1859 ³)
851 1759 1068 1855 observavit,
1094 1759 1167 1833 hoc
1192 1760 1274 1833 loco
1297 1786 1374 1831 non
1399 1758 1561 1858 loquitur
1582 1758 1743 1834 Iustinus
1769 1758 1999 1854 christianus,
2029 1759 2094 1835 sed

554 1859 714 1936 lustinus
740 1887 921 1989 paganus.
980 1861 1041 1935 Ad
1067 1887 1161 1959 quae
1187 1860 1329 1935 accedit
1355 1862 1454 1959 quod
1482 1888 1664 1959 nusquam
1688 1860 1779 1934 alibi
1804 1861 1947 1961 Martyr
1974 1862 2091 1936 Deum

553 1989 642 2061 prae
667 1964 748 2063 ipsa
772 1975 876 2060 ouotqe
902 1964 1014 2064 longe
1041 1964 1203 2038 eminere
1228 1961 1327 2058 dicit,
1355 1963 1420 2037 sed
1436 1964 1557 2038 Deum
1582 1963 1825 2053 substantiam
1852 1989 1932 2037 esse
1956 1964 2092 2063 apertis

554 2063 675 2139 verbis
702 2065 859 2166 doceant,
875 2065 961 2139 'imo
988 2065 1182 2162 interdum,
1208 2064 1273 2139 sed
1300 2089 1487 2139 sacrorum
1512 2065 1693 2140 librorum
1719 2065 1832 2139 verba
1858 2072 2019 2161 secutus,
2046 2065 2092 2139 de

553 2166 705 2267 regione
731 2168 819 2265 Dei,
846 2194 1027 2267 quaeum
1052 2193 1202 2242 manere
1225 2166 1332 2264 dicit,
1356 2168 1459 2265 loqui
1485 2167 1628 2243 videtur
1646 2168 1687 2268 ⁵).

656 2268 730 2344 Sed
763 2270 847 2345 licet
871 2270 1026 2343 missum
1054 2270 1169 2343 facias
1200 2270 1300 2342 hunc
1331 2270 1469 2367 locum,
1507 2270 1694 2369 quomodo
1721 2270 1816 2365 vim,
1856 2296 1965 2368 quam
2001 2296 2091 2369 prae

555 2373 684 2447 ceteris
709 2371 914 2472 disciplinis
931 2370 1198 2472 philosophicis
1213 2370 1384 2445 Philonis
1402 2372 1592 2473 theologia
1616 2386 1651 2446 et
1671 2398 1783 2471 quum
1802 2373 1835 2446 is
1860 2373 1940 2471 ipse
1956 2371 2090 2447 doctri-

554 2502 642 2548 nam
678 2502 782 2548 suam
816 2474 863 2548 ad
889 2488 1049 2573 systema
1075 2486 1281 2551 revocatam
1315 2500 1491 2575 magnam
1522 2489 1665 2574 partem
1697 2474 1903 2573 platonicae
1925 2474 2090 2573 philoso-

554 2577 664 2677 phiae
698 2577 847 2673 debeat,
887 2576 1053 2650 Platonis
1090 2602 1236 2675 quoque
1270 2578 1471 2652 sententiae
1504 2576 1552 2650 ad
1586 2576 1773 2650 doctrinas
1813 2576 2090 2676 apologetarum
2161 2606 2164 2612 ·

555 2679 773 2754 excolendas
804 2679 1017 2775 habuerint,
1049 2704 1188 2779 negare
1211 2677 1327 2753 velis?
1362 2677 1505 2754 Eodem
1531 2679 1608 2754 fere
1643 2678 1818 2777 loquendi
1846 2705 1982 2778 genere
2017 2705 2090 2777 quo

555 2782 769 2882 apologetae
791 2780 900 2854 Philo
935 2780 1085 2879 eiusque
1124 2780 1301 2879 magister
1323 2780 1430 2855 Plato
1465 2780 1647 2880 duplicem
1682 2781 1722 2854 in
1752 2779 1904 2855 modum
1938 2782 1985 2855 de
2010 2781 2090 2853 Deo

486 2975 489 2979 ι
556 2881 814 2984 cognoscendo
841 2880 951 2955 locuti
978 2894 1071 2977 sunt,
1097 2895 1174 2954 tum
1192 2882 1313 2955 Deum
1338 2908 1457 2980 neque
1480 2883 1705 2979 notionibus,
1733 2909 1852 2981 neque
1877 2882 2091 2956 nominibus

556 2984 639 3057 ullis
666 2984 797 3083 attingi
830 3008 938 3083 posse
963 2996 1153 3082 urgentes,
1191 2997 1269 3055 tum
1294 3004 1377 3057 eum
1403 3010 1553 3082 prorsus
1580 2985 1755 3085 cognosci
1789 3011 1864 3058 non
1891 3012 1999 3083 posse
2026 3010 2091 3058 ne·

554 3101 696 3188 gentes.
747 3086 844 3160 Nam
871 3084 976 3157 Plato
1005 3111 1228 3183 quamquam
1250 3084 1434 3159 interdum
1462 3065 1566 3182 dicit,
1591 3087 1681 3159 boni
1707 3088 1766 3161 vel
1788 3086 1857 3160 Dei
1883 3087 2004 3160 ideam
2031 3111 2090 3158 ar—

555 3190 666 3263 duam
691 3187 902 3262 hominibus
929 3213 1008 3262 esse
1034 3186 1237 3282 intellectu,
1272 3187 1337 3262 scd
1362 3187 1519 3287 intelligi
1545 3214 1672 3288 posse,
1707 3189 1775 3262 etsi
1805 3188 1987 3263 intellecta
2012 3213 2090 3261 non

553 3290 725 3365 omnibus
751 3288 957 3391 praedicari
982 3289 1114 3389 possit,
1142 3302 1301 3364 attamen
1327 3289 1408 3363 aliis
1435 3290 1545 3384 locis,
1572 3291 1764 3364 mortalem
1791 3289 1978 3365 hominem
2003 3315 2090 3364 vera

553 3392 802 3494 cognoscendi
828 3391 999 3466 facultate
1030 3384 1179 3487 carere,
1207 3417 1364 3489 eumque
1391 3416 1473 3465 cum
1499 3391 1579 3467 Deo
1606 3407 1859 3492 comparatum
1889 3392 1983 3466 nihil
2010 3418 2089 3468 esse

552 3496 624 3569 nisi
656 3495 727 3568 Dei
764 3494 1070 3569 oblectamentum
1104 3492 1299 3590 lusumque
1335 3493 1532 3569 contendit
1599 3494 1711 3568 Philo
1744 3495 1852 3569 etiam
1895 3496 1953 3569 cui
1987 3497 2088 3570 Deus

555 3596 656 3671 omni
682 3596 800 3690 laude,
829 3596 931 3668 omni
958 3594 1116 3688 honore,
1142 3594 1298 3710 ipsoque
1322 3594 1422 3669 bono
1449 3595 1561 3696 longe
1587 3596 1753 3696 superior
1775 3595 1875 3672 visus
1902 3614 1972 3694 est,
1999 3595 2089 3672 alibi

553 3715 676 3774 tamen
713 3696 932 3793 hominem⁴
972 3723 1053 3771 osse
1088 3695 1254 3769 divmum
1296 3721 1520 3796 cognoscere
1561 3700 1739 3799 censet6).
1806 3699 1933 3799 Itaque
1974 3727 2086 3799 quum

554 3798 829 3875 Cohortationis
861 3797 909 3871 ad
936 3724 1100 3875 graecos
1125 3810 1263 3893 auctor,
1283 3811 1324 3871 ut
1347 3797 1553 3873 doctrinam
1581 3826 1654 3899 qua
1669 3804 1788 3877 Deum
1811 3804 1913 3876 nullo
1937 3802 2087 3902 proprio

664 3999 691 4080 1)
714 3997 852 4075 Tbeoph.
874 3995 913 4055 ad
937 3995 1037 4054 Autol.
1061 3986 1129 4066 1,'3
1153 4004 1184 4052 et
1207 3996 1236 4054 5.
1285 4002 1287 4005 ’

664 4088 694 4162 2)
718 4083 795 4230 (1th
816 4081 874 4162 γὰρ
899 4081 1036 4153 Πλάτων,
1061 4077 1093 4156 ἦν
1115 4078 1145 4141 δ’
1166 4077 1225 4158 ἐγὼ
1248 4077 1318 4140 αὗτὸ
1341 4084 1470 4143 τοιοῦτον
1491 4082 1566 4144 εἶναι
1587 4082 1618 4142 ιι)
1640 4085 1689 4143 τοῦ
1711 4084 1763 4143 νοῦ
1780 4081 1916 4159 ὄμμα·
1928 4116 1964 4124 -
1979 4088 2086 4161 ψυχαῖς

555 4172 743 4253 ἐγγινόμενον
785 4167 815 4229 ιὰ
838 4169 869 4230 τὸ
894 4171 1024 4247 συγγενὲς
1047 4172 1097 4227 καὶ
1119 4167 1213 4245 ἔρωτα
1234 4169 1284 4226 τοῦ
1307 4164 1437 4229 ἰδέσθαι.
1493 4169 1592 4228 Locus
1620 4170 1774 4228 desumtus
1804 4181 1852 4227 est
1880 4188 1918 4227 ex
1940 4168 2019 4227 Plat.
2049 4168 2089 4228 de

519 4267 523 4274 “
554 4260 669 4339 republ.
697 4256 747 4315 lib.
769 4256 828 4329 VI,
852 4275 880 4335 p.
894 4258 956 4317 509
975 4255 1009 4317 Β.
1064 4253 1102 4315 cf.
1128 4252 1200 4313 Otto
1229 4252 1346 4332 Corpus
1368 4255 1544 4333 Apologett.
1574 4255 1661 4315 Tom.
1678 4256 1705 4330 Ι,
1726 4259 1760 4330 2,
1784 4275 1813 4335 p.
1836 4256 1885 4326 18,
1909 4277 1937 4314 n.
1960 4258 1988 4327 3,
2008 4259 2037 4326 4,
2058 4259 2087 4315 5.

554 4342 821 4423 stuttg-crustas
844 4343 862 4400 l.
886 4343 904 4401 l.
928 4363 956 4420 p.
974 4344 1046 4401 926.
1091 4339 1284 4399 Aclrermann
1307 4340 1326 4399 l.
1351 4341 1369 4401 l.
1393 4361 1421 4418 p.
1445 4342 1487 4398 44
1510 4360 1574 4422 sqq.

661 4431 690 4514 3)
713 4431 732 4491 l.
755 4450 780 4488 c.
804 4448 833 4508 p.
858 4430 929 4488 252.
973 4426 1160 4506 Hagenbach
1183 4427 1202 4487 l.
1228 4426 1249 4484 l.
1294 4428 1325 4486 4.
1347 4426 1394 4485 ed.
1438 4446 1467 4505 p.
1493 4430 1532 4488 78
1554 4449 1583 4488 ιι.

662 4521 691 4601 4)
715 4516 794 4575 Dial.
817 4536 842 4573 c.
864 4513 981 4592 Trypb.
1005 4536 1031 4573 c.
1047 4516 1118 4587 128,
1140 4533 1171 4592 p.
1185 4513 1247 4574 358
1273 4510 1312 4571 C:
1347 4510 1437 4573 εἰπὼν
1465 4513 1513 4590 τὴν
1539 4512 1666 4593 δύναμιν
1686 4513 1788 4589 ταύτην
1809 4511 2081 4591 μιγεννῆσθανᾶπό

520 4670 522 4674 ,
554 4610 603 4667 τοῦ
626 4597 798 4685 πατρός-
821 4635 862 4645 -
885 4598 920 4661 οὗ
943 4597 1003 4660 κατ’
1026 4597 1194 4677 ἀποτομήν,
1229 4595 1270 4670 ὡς
1292 4594 1542 4679 ἀπομερνζομῦης
1568 4603 1616 4678 τῆς
1637 4602 1686 4662 τοῦ
1709 4593 1818 4679 arbog
1841 4599 1958 4673 οὐσίας,
1993 4600 2083 4664 ὁποῖα

555 4690 588 4754 ιὰ
612 4691 688 4752 ἄλλα
710 4688 803 4749 πάντα
824 4684 1006 4767 μεριζόμενα
1028 4692 1079 4747 καὶ
1099 4686 1260 4766 τεμνόμενα
1284 4681 1320 4745 οὗ
1342 4684 1375 4746 τὰ
1401 4683 1473 4746 αὐτά
1495 4685 1572 4749 ἐστιν
1593 4690 1613 4747 ἃ
1636 4694 1687 4749 καὶ
1707 4692 1775 4767 πρὶν
1796 4690 1952 4765 τμηθῆναι.

664 4779 696 4851 5)
719 4776 756 4835 cf.
780 4776 902 4835 Diale.
925 4773 977 4833 Tr.
1001 4793 1026 4833 c.
1051 4775 1122 4845 127,
1152 4792 1181 4851 p.
1205 4773 1267 4833 357
1290 4773 1328 4831 A.
1372 4774 1410 4833 ib.
1434 4793 1461 4832 c.
1484 4777 1525 4837 60
1549 4795 1578 4854 p.
1601 4776 1664 4835 283
1686 4773 1723 4832 Β.
1767 4793 1792 4832 e.
1815 4776 1871 4847 56,
1902 4794 1932 4853 p.
1955 4777 2016 4834 275
2039 4775 2082 4833 A:

556 4868 604 4927 τοῦ
626 4863 658 4925 ἒν
679 4868 738 4935 τοῖς
760 4859 944 4941 ἐπουρανίοις
968 4856 1014 4919 ἀεὶ
1035 4863 1189 4936 μένοντος,
1214 4857 1293 4917 alibi.
1634 4867 1657 4912 0

664 4950 694 5030 6)
716 4950 814 5007 Ritter
837 4945 969 5020 „Gescb
998 4945 1025 5005 d.
1048 4943 1181 5003 Philota
1203 4943 1253 5017 II,
1283 4942 1344 5002 288
1368 4962 1434 5024 sqq.
1489 4944 1544 5023 IV,
1567 4946 1630 5005 440
1653 4963 1718 5025 sqq.
1785 4945 1884 5005 Ritter
1911 4952 1942 5001 et
1968 4942 2084 5003 Preller

556 5038 656 5113 „Hist
679 5035 786 5114 philos.
808 5052 852 5109 gr.
874 5042 999 5092 strom.
1023 5049 1062 5090 ex
1084 5029 1209 5090 fontium
1232 5030 1305 5089 locis
1327 5035 1487 5089 contexta“
1510 5029 1558 5091 ed.
1582 5033 1610 5091 2.
1633 5050 1663 5110 p.
1676 5034 1735 5091 251
1755 5052 1800 5113 sq.
1822 5053 1851 5113 p.
1866 5032 1929 5091 656
1946 5050 2011 5111 sqq.
