5034 6084
1249 666 1297 737 59

503 880 574 952 que
600 852 798 928 ascendere
823 865 951 952 potest,
982 879 1054 949 quo
1081 850 1282 925 deducatur
1308 878 1331 924 a
1358 849 1487 950 spiritu
1498 849 1538 949 1).
1593 847 1736 938 Quibus
1764 849 1861 945 quod
1878 848 2034 949 legimus

503 984 578 1030 non
606 955 742 1030 obstat:
765 961 862 1050 ψυχὴ
888 954 951 1029 οὐκ
977 951 1062 1047 αὕτη
1088 960 1126 1025 τὸ
1161 957 1304 1041 πνεῦμα
1330 954 1483 1042 ἔσωσεν,
1516 953 1641 1045 ἐσώθη
1669 952 1706 1022 δὲ
1732 949 1787 1022 ’ἶνα>
1813 950 1936 1040 αὐτοῦ,
1972 961 2033 1022 καὶ

504 1068 539 1130 τὸ
565 1064 643 1151 φώς
669 1066 728 1151 τὴν
755 1071 897 1131 σκοτίαν
921 1061 1118 1150 κατέλαβεν
1129 1059 1176 1146 ²).
1228 1054 1326 1128 Nam
1359 1055 1451 1128 haec
1486 1081 1563 1128 non
1598 1053 1649 1126 ita
1675 1066 1758 1125 sunt
1782 1052 2031 1153 intelligenda,

502 1162 607 1260 quasi
640 1160 810 1234 homines
843 1175 967 1262 utpote
998 1161 1035 1234 vi
1072 1158 1187 1232 coacti
1226 1156 1394 1256 spiritum
1422 1157 1526 1255 sequi
1559 1156 1751 1249 deberent,
1785 1155 1882 1252 quod
1916 1156 2033 1230 exiis

501 1289 595 1361 quae
619 1261 746 1362 paucis
772 1264 893 1337 verbis
920 1262 1116 1337 interiectis
1146 1257 1294 1333 disserit
1329 1258 1482 1353 Noster,
1517 1257 1618 1331 haud
1654 1257 1837 1330 immerito
1864 1258 2034 1331 concludi

502 1383 682 1464 putamus.
729 1362 905 1463 Spiritum
931 1365 1000 1440 Dei
1028 1390 1102 1436 non
1138 1361 1310 1435 omnibus
1332 1361 1452 1435 inesse
1487 1361 1609 1455 docet,
1638 1358 1701 1433 sed
1729 1358 1827 1458 apud
1855 1360 2033 1458 quosdam

500 1468 592 1541 iuste
618 1466 780 1541 viventes
806 1466 998 1567 degentem
1035 1482 1069 1541 et
1101 1490 1184 1537 cum
1200 1526 1203 1531 .
1218 1463 1344 1536 anima
1364 1490 1490 1537 eorum
1526 1462 1803 1561 complicatum,
1837 1488 1903 1561 per
1928 1489 2032 1561 prae-

502 1568 679 1643 dictiones
708 1594 768 1643 res
795 1569 923 1644 ceteris
950 1569 1084 1642 animis
1105 1565 1346 1640 'absconditas
1372 1565 1578 1660 nuntiasse;
1618 1577 1653 1638 et
1679 1590 1772 1662 quae
1798 1563 1946 1662 quidem
1975 1592 2028 1638 sa·

501 1671 659 1770 pientiae
686 1672 873 1771 paruerint
898 1685 1095 1771 cognatum
1122 1668 1193 1742 sibi
1220 1666 1462 1767 assumpsisse
1493 1667 1678 1766 spiritum,
1712 1692 1805 1762 quae
1837 1692 1923 1739 vero
1958 1693 2032 1740 non

499 1773 687 1871 paruerint
719 1787 754 1847 et
786 1773 995 1846 ministrum
1031 1772 1101 1847 Dei
1126 1770 1336 1864 reiecerint,
1375 1794 1457 1842 cum
1482 1770 1561 1842 Deo
1584 1768 1704 1867 potius
1730 1793 1896 1868 pugnare
1921 1795 2030 1866 quam

500 1876 620 1956 colere
649 1902 732 1951 eum
759 1874 1006 1974 deprehensas
1041 1900 1119 1973 esse
1138 1875 1183 1966 ὅ).
1246 1870 1350 1962 Quae
1384 1898 1496 1969 quum
1529 1871 1580 1943 ita
1616 1871 1689 1943 sint
1712 1869 1759 1941 ad
1786 1896 1920 1942 novam
1948 1895 2031 1944 cum

501 1977 631 2076 spiritu
656 1977 951 2052 coniunctionem
978 1976 1179 2051 ineundam
1202 1973 1366 2048 humana
1388 1973 1556 2047 voluntas
1581 1973 1622 2045 in
1647 1972 1747 2046 bono
1774 1987 1809 2044 et
1835 1971 1929 2044 iusto
1955 1972 2029 2045 iam

498 2079 617 2178 posita
644 2079 706 2173 sit,
733 2106 883 2156 necesse
910 2107 998 2175 esse,
1023 2078 1164 2152 nemini
1190 2102 1266 2149 non
1290 2075 1490 2175 apparebit,
1518 2102 1564 2149 ne
1591 2074 1629 2147 id
1650 2072 1808 2172 quidem,
1837 2074 1934 2172 quod
1963 2075 2028 2146 ho-

497 2181 589 2253 mini
616 2181 759 2281 spiritui
785 2182 977 2257 resistendi
1008 2194 1043 2255 et
1081 2178 1321 2280 oppugnandi
1355 2177 1563 2251 facultatem
1596 2202 1692 2267 esse,
1733 2175 1833 2248 nullo
1867 2176 1978 2249 modo
2007 2204 2029 2249 a

498 2281 655 2357 Tatiano
678 2297 840 2384 negetur.

611 2384 690 2459 Iam
717 2387 748 2460 si
775 2413 956 2459 summam
984 2411 1110 2461 eorum
1138 2382 1356 2482 colligimus,
1385 2382 1538 2481 quaein
1567 2380 1772 2454 doctrinam
1801 2379 1947 2453 'Patiani
1970 2380 2026 2454 in-

498 2487 677 2584 quirendo
705 2488 906 2562 effecimus:
943 2487 1077 2588 placita
1116 2486 1194 2561 eius
1224 2499 1324 2585 patet
1355 2484 1500 2583 saepius
1522 2481 1716 2556 Platonica
1739 2481 1836 2555 dicta
1862 2482 1955 2556 nihil
1980 2483 2065 2562 ad,-

496 2587 688 2663 Platonem
711 2590 913 2689 pertinere,
953 2589 1017 2665 sed
1050 2589 1258 2689 propinqua
1298 2587 1519 2688 cognatione
1553 2583 1760 2658 Stoicorum
1795 2583 2027 2685 disciplinam

496 2691 694 2791 attingere,
722 2719 833 2791 quum
862 2708 1029 2766 naturam
1057 2692 1276 2783 humanam,
1303 2689 1452 2788 proprie
1477 2686 1629 2780 dictam,
1665 2713 1709 2760 ex
1734 2685 1920 2762 animast
1947 2713 2026 2761 cor-

496 2819 585 2891 pore
612 2807 778 2868 constare
812 2795 916 2889 velit,
951 2794 1119 2893 spiritum
1155 2807 1293 2887 autem,
1329 2791 1496 2888 quamvis
1531 2788 1579 2862 ab
1613 2789 1693 2888 ipso
1725 2788 1908 2889 principio
1943 2816 2026 2863 cum

495 2895 620 2968 anima
642 2895 855 2970 coniunctus
882 2910 917 2970 et
950 2909 1076 2995 postea
1105 2894 1252 2968 demum
1295 2893 1399 2991 lapsu
1434 2890 1544 2991 primi
1581 2890 1742 2963 hominis
1777 2891 1933 2965 amissus
1969 2893 2025 2988 sit,

495 2996 641 3071 animae
668 3012 703 3071 et
729 2999 873 3097 corpori
900 2996 1174 3096 superadditum
1201 3022 1292 3070 esse.

601 3100 650 3173 At
674 3100 713 3172 in
740 3100 911 3174 omnibus
943 3099 1000 3171 his
1026 3098 1169 3198 placitis
1193 3123 1368 3198 magnam
1398 3122 1509 3195 supra
1537 3093 1665 3194 paucis
1700 3093 2024 3195 circumscriptam,

494 3226 592 3273 nunc
618 3202 820 3275 accuratius
847 3201 1118 3301 explanandam
1145 3199 1403 3302 cognoscimus
1419 3198 1504 3291 vim,
1532 3222 1642 3294 quam
1664 3196 1811 3270 ethnica
1837 3199 2025 3298 cogitandi

496 3303 587 3375 ratio
622 3304 670 3376 ad
698 3304 845 3377 'Pariani
878 3304 1112 3403 disciplinam
1145 3301 1382 3376 excolendam
1404 3299 1584 3374 habuerit.
1645 3297 1822 3388 Quamvis
1859 3326 1949 3397 quas
1982 3330 2026 3377 ex

491 3404 727 3503 antiquorum
753 3407 1058 3507 philosophorum
1085 3404 1289 3504 disciplinis
1313 3402 1453 3502 accepit
1471 3400 1659 3475 doctrinae
1673 3415 1916 3477 commutatae
1939 3403 2022 3500 sint,

491 3506 682 3604 antiquum
709 3507 930 3582 dualismum
953 3523 1074 3581 tamen
1101 3506 1309 3607 opprimere
1334 3531 1411 3578 non
1439 3502 1571 3603 potuit,
1606 3528 1725 3600 neque
1757 3503 1888 3578 melius
1913 3532 2024 3603 quam

491 3607 581 3706 ipsis
606 3609 836 3708 philosophis
861 3609 1057 3710 cogitando
1086 3635 1168 3683 eum
1196 3633 1368 3706 superare
1392 3604 1547 3704 contigit
1571 3619 1709 3676 nostro.
1761 3604 1859 3678 Nam
1895 3634 2022 3681 secun-

491 3709 578 3782 dum
606 3710 805 3785 Tatianeae
832 3711 1019 3785 doctrinae
1041 3711 1221 3784 rationem
1249 3709 1397 3808 spiritus
1429 3721 1464 3781 et
1495 3731 1647 3806 corpus,
1679 3733 1834 3807 regnum
1868 3711 2023 3785 coeleste

492 3829 527 3886 et
553 3839 706 3913 regnum
741 3812 945 3886 humanum
976 3839 1127 3912 prorsus
1163 3812 1232 3885 sibi
1267 3809 1435 3910 opposita
1467 3821 1566 3903 sunt,
1602 3807 1788 3881 vinculum
1825 3836 1910 3883 vero
1950 3837 2022 3908 quo

492 3941 571 4013 eam
599 3915 761 3988 hominis
785 3929 924 4013 partem
956 3942 1029 4014 qua
1064 3914 1111 3987 ad
1143 3916 1347 3987 humanum
1374 3937 1530 4013 regnum
1560 3910 1736 4009 pertinet,
1776 3935 1859 3983 cum
1894 3912 2021 4011 spiritu

490 4017 666 4116 coniungi
691 4018 784 4113 vult,
812 4018 913 4091 cuius
937 4017 1072 4090 auxilio
1101 4016 1264 4090 divinum
1293 4014 1341 4088 ad
1367 4039 1521 4115 regnum
1544 4011 1706 4105 tollatur,
1742 4013 1893 4086 nonnisi
1924 4034 2020 4089 exte-

490 4145 570 4191 rum
598 4118 783 4216 quoddam
809 4134 873 4194 est.
925 4119 1081 4193 Etiamsi
1107 4119 1252 4192 animae
1284 4115 1495 4216 peccatrici,
1531 4138 1624 4210 quae
1660 4113 1824 4187 divinum
1855 4116 2020 4216 spiritum

450 4303 451 4306 Ἴ
490 4221 592 4318 sequi
619 4221 792 4316 noluerit,
820 4222 1034 4296 scintillulas
1060 4220 1238 4320 quasdam
1264 4238 1299 4293 et
1324 4219 1490 4292 fomitem
1515 4213 1711 4313 quemdam
1748 4217 1881 4289 virium
1913 4220 2019 4317 spiri-

488 4322 639 4395 tualium
673 4325 892 4399 remansisse
922 4324 1037 4420 dicat,
1070 4324 1202 4423 quibus
1228 4335 1328 4396 mota
1353 4321 1473 4394 Deum
1500 4316 1649 4415 quidem
1676 4334 1843 4416 quaerat,
1871 4320 2020 4395 daemo-

488 4452 577 4497 num
603 4451 690 4499 vero
717 4425 866 4500 fraudes
894 4440 1034 4520 secuta,
1070 4452 1182 4524 quum
1220 4451 1242 4497 a
1277 4422 1406 4521 spiritu
1440 4431 1606 4519 separata
1635 4446 1727 4517 quae
1762 4422 1922 4520 perfecta
1949 4424 2021 4496 sint

495 4624 835 4637 ————...

428 4789 433 4800 .
490 4741 633 4803 alasa».
679 4764 703 4801 c.
727 4746 767 4803 20
790 4763 819 4821 p.
833 4745 889 4805 90:
913 4743 1034 4805 δυνατὸν
1056 4742 1088 4804 δὲ
1109 4749 1193 4804 παντὶ
1213 4742 1413 4822 γυμνητεύονα
1435 4740 1598 4815 κτήσασθαι
1622 4737 1651 4797 τὸ
1675 4734 1862 4816 ἐπικόσμημα
1884 4739 2018 4820 καὶπρὸς

490 4829 536 4904 τὴν
558 4833 721 4907 συγγένειαν
741 4827 789 4905 τὴν
812 4827 937 4910 ἀρχαίαν
958 4829 1148 4911 ἀναδραμεῖν.

595 5091 623 5168 3)
647 5089 666 5146 l.
689 5089 707 5147 l.
731 5109 760 5167 p.
785 5094 834 5151 62.
