5034 6084
1262 618 1310 689 22

509 821 658 897 nomine
685 800 864 920 appellari
899 845 1007 918 posse
1043 817 1214 914 docebat,
1256 820 1483 919 argumentis
1516 846 1561 892 ex
1599 819 1713 893 sacris
1751 818 1856 892 libris
1891 820 2046 919 sumptis

512 925 720 1017 confirmet,
760 921 895 996 eodem
919 948 990 1019 quo
1018 921 1205 1020 theologia
1235 921 1477 996 alexandrina
1506 920 1619 995 utitur
1645 922 1744 1019 loco,
1780 919 1910 995 eadem
1941 921 2050 996 huius

511 1027 582 1101 loci
608 1023 924 1124 interpretatione,
950 1048 1044 1121 quae
1070 1022 1220 1121 propria
1246 1038 1324 1098 erat
1349 1022 1698 1099 Alexandrinorum.
1750 1022 1820 1096 His
1847 1022 1945 1097 enim
1972 1049 2072 1116 sae-¹

513 1127 663 1230 pissime
689 1135 727 1199 τό
755 1126 796 1199 ὄν
822 1124 1035 1225 appellatur,
1063 1124 1410 1215 secundumExod.
1438 1126 1502 1222 lll,
1533 1130 1589 1222 14,
1616 1125 1681 1199 nbi
1706 1125 1819 1201 verba
1846 1151 1935 1232 πηνα..
1954 1150 2054 1243 ³3³3ss
2073 1157 2095 1251 p

319 1246 614 1336 sffrpqq
639 1229 781 1329 graecis
804 1229 876 1321 ἐγώ
904 1228 979 1319 εἰμι
1005 1225 1025 1300 ὅ
1050 1226 1102 1299 ὥν
1136 1241 1334 1300 vertuntur.
1394 1228 1458 1302 Ait
1490 1227 1607 1301 enim:
1643 1227 1855 1326 neutiquam
1888 1221 2052 1302 'nomime

514 1322 704 1408 cuiusdam
740 1329 963 1405 mentionem
993 1328 1082 1403 facit
1104 1328 1225 1425 Deus,
1266 1356 1379 1428 quum
1412 1329 1542 1404 Mosen
1576 1329 1624 1403 ad
1658 1329 1848 1405 Hebraeos
1883 1330 2051 1424 mitteret,

515 1435 580 1510 sed
617 1461 683 1533 per
717 1431 903 1532 quoddam
937 1430 1171 1531 participium
1203 1457 1318 1504 unum
1354 1445 1389 1505 et
1422 1432 1539 1504 solum
1574 1431 1694 1506 Deum
1735 1459 1773 1507 se
1808 1458 1887 1507 esse
1918 1458 2053 1506 arcane

516 1539 632 1612 docet.
685 1535 767 1636 Ego
799 1534 916 1630 enim,
955 1532 1091 1632 inquit,
1127 1559 1208 1605 sum
1234 1534 1392 1608 existens
1418 1532 1499 1625 ille,
1534 1560 1724 1633 opponens
1760 1561 1798 1610 se
1824 1533 1945 1632 ipsum
1977 1559 2053 1607 non
2110 1548 2114 1553 ’

516 1637 793 1731 exsistentibuS,
831 1650 870 1709 ut
905 1635 968 1734 qui
1001 1634 1103 1734 prius
1139 1632 1281 1734 decepti
1306 1635 1454 1709 fuerunt
1482 1634 1690 1737 intelligant
1722 1663 1760 1710 se
1796 1662 1872 1710 non
1908 1636 1955 1709 iis
1990 1634 2054 1733 qui

516 1741 694 1834 existunt,
737 1737 801 1813 sed
828 1737 873 1811 iis
909 1737 973 1836 qui
999 1763 1074 1810 non
1102 1734 1261 1809 existunt
1295 1736 1518 1835 adhaesisse.
1579 1737 1677 1811 Mosi
1711 1765 1796 1812 vero
1824 1737 1933 1811 dixit:
1969 1736 2054 1838 Ego

519 1871 600 1919 snm
626 1842 784 1916 existens
810 1839 889 1935 ille,
918 1853 956 1912 ut
977 1864 1044 1939 per
1069 1836 1301 1939 participium
1325 1838 1483 1915 existens
1509 1839 1580 1915 Dei
1601 1839 1787 1914 existentis
1814 1854 1849 1914 et
1871 1866 1948 1913 non
1975 1840 2055 1914 exi-

518 1943 689 2020 stentium
714 1942 912 2017 discrimen
935 1940 1082 2015 doceret
1097 1939 1138 2038 l).
1190 1940 1367 2041 Idemque
1393 1958 1519 2015 auctor
1544 1941 1821 2015 similitudinem
1842 1941 2056 2017 Platonicae

518 2049 564 2122 de
583 2046 660 2121 Deo
688 2044 877 2119 doctrinae
903 2055 938 2117 et
964 2042 1183 2141 theologiae,
1209 2070 1319 2142 quam
1341 2043 1420 2143 ipse
1441 2071 1544 2117 suam
1566 2043 1710 2138 fecerat,
1738 2044 1916 2144 agnoscit,
1943 2071 2055 2143 quum
2085 2047 2087 2054 '

518 2150 615 2224 intra
641 2147 936 2221 Christianorum
970 2157 1005 2220 et
1030 2143 1196 2218 Platonis
1230 2144 1276 2220 de
1307 2145 1378 2220 Dei
1408 2159 1538 2219 natura
1573 2145 1779 2219 doctrinam
1815 2146 1933 2220 solum
1968 2145 2056 2219 arti·

519 2250 641 2325 culum
663 2248 808 2322 differre
826 2247 887 2320 ait.
930 2246 1061 2321 Mosen
1082 2245 1181 2319 enim
1204 2248 1406 2342 „exsistens
1433 2247 1519 2323 ille“
1545 2246 1579 2348 (ὁ
1603 2247 1669 2347 ὥν)
1692 2247 1838 2342 dixisse,
1862 2248 2056 2323 Platonem

521 2380 608 2428 vero
634 2350 817 2447 „existens
843 2348 958 2422 illud“
986 2349 1038 2449 (τὸ
1064 2347 1137 2447 ὄν);
1166 2375 1258 2447 quas
1285 2348 1435 2447 quidem
1461 2349 1507 2424 de
1530 2350 1610 2425 Deo
1639 2350 1838 2425 sententias
1864 2348 2057 2424 Platonem

521 2457 560 2529 in
587 2454 757 2553 Aegypto
794 2449 966 2525 didicisse
998 2450 1105 2547 dicit,
1143 2450 1311 2550 magistri
1345 2478 1431 2525 vero
1461 2451 1576 2525 Mosis
1612 2451 1773 2525 nominis
1807 2451 1907 2551 apud
1942 2452 2056 2526 Athe-

446 2587 450 2595 ·
521 2558 669 2631 nienses
693 2552 917 2628 mentionem
946 2552 1083 2648 facere,
1119 2579 1194 2626 non
1221 2566 1339 2626 tutum
1366 2580 1445 2627 esse
1479 2552 1643 2651 duxisse,
1676 2568 1711 2628 et
1736 2571 1930 2654 propterea
1959 2553 2059 2652 quod

498 2658 709 2760 ,praeclare
732 2654 780 2729 ab
813 2681 856 2728 eo
883 2653 1020 2728 dietum
1047 2666 1158 2750 esset,
1191 2681 1267 2727 non
1293 2668 1481 2753 tamquam
1512 2682 1535 2729 a
1557 2655 1661 2731 Mose
1687 2670 1893 2756 acceptum,
1926 2656 1991 2730 sed
2016 2671 2057 2730 nt

521 2786 625 2836 suam
650 2756 765 2857 ipsius
792 2757 1010 2830 sententiam
1036 2755 1249 2856 exposuisse
1260 2757 1304 2855 2).
1325 2801 1375 2812 —
1428 2756 1502 2847 Qus
1527 2785 1638 2858 porro
1665 2757 1804 2833 nisiex
1830 2758 1995 2833 Platonis
2021 2773 2057 2834 et

521 2860 692 2937 Philonis
719 2857 922 2959 disciplinis
947 2871 1001 2932 tot
1027 2885 1120 2957 quae
1143 2858 1348 2959 apologetis
1378 2859 1417 2933 in
1444 2859 1585 2934 deliciis
1612 2875 1696 2934 sunt
1721 2875 1756 2936 et
1778 2860 1911 2960 quibus
1938 2860 2056 2935 abun·

522 2965 621 3059 dant,
647 2960 825 3036 dictiones
851 2961 1040 3061 explanari
1066 2960 1245 3060 possunt?
1272 2960 1439 3051 Quarum
1461 2961 1501 3036 in
1518 2989 1712 3037 nnmerum
1739 2963 1952 3064 reponenda
1973 2979 2058 3039 sunt

522 3067 587 3140 illa
610 3090 704 3164 quae
725 3063 856 3137 iterum
883 3077 992 3162 atque
1014 3045 1146 3138 iteruin
1173 3061 1317 3157 dicunt,
1351 3063 1471 3138 Deum
1496 3091 1575 3139 esse
1606 3064 1812 3165 ingenitum
1840 3066 2059 3167 (ἀγέννητον)

525 3183 561 3245 et
586 3166 703 3241 animi
728 3164 888 3239 motibus
918 3189 1073 3239 vacuum
1110 3162 1269 3265 (ἀπαθῆ)
1286 3165 1316 3264 3)
1352 3179 1388 3239 et
1422 3165 1508 3264 quia
1542 3167 1589 3239 sit
1622 3165 1826 3266 ingenitus,
1865 3184 2060 3268 propterea

526 3297 605 3346 esse
627 3270 747 3344 Deum
763 3270 812 3364 4),
851 3279 913 3340 aut
939 3266 1002 3365 qui
1027 3266 1146 3340 Deum
1174 3267 1338 3340 omnium
1370 3267 1428 3341 vel
1449 3281 1590 3367 patrem
1612 3267 1856 3343 universitatis
1882 3297 1966 3344 eum
1991 3298 2059 3346 no-

525 3372 667 3446 minent
694 3367 728 3471 (d
750 3376 893 3443 ττάντων
918 3375 1053 3467 πατήρ,
1091 3370 1177 3449 θεὸς
1196 3374 1269 3440 ταῖν
1293 3396 1436 3441 παντων
1468 3376 1583 3463 πατὴρ
1610 3379 1672 3441 καὶ
1699 3372 1918 3465 δημιουργός
1944 3381 2059 3468 πατὴρ

525 3479 596 3548 τών
621 3470 728 3568 ὅλων,
743 3473 780 3569 5),
804 3486 867 3546 aut
893 3472 956 3570 qui
973 3471 1093 3546 Deum
1116 3484 1156 3544 ut
1169 3470 1437 3546 immutabilem
1454 3486 1490 3547 et
1515 3486 1704 3546 aeternum
1721 3488 1873 3549 naturae
1892 3476 2061 3550 mutabili

528 3630 840 3645 --———-———

636 3703 663 3783 1)
688 3703 762 3764 Coh.
786 3702 824 3760 ad
842 3699 949 3760 Graec.
971 3720 996 3758 o.
1011 3704 1061 3774 21,
1084 3721 1114 3780 p.
1131 3703 1171 3760 19
1191 3701 1285 3762 ODE.
1331 3701 1513 3777 Quibuscum
1537 3701 1774 3782 consoraquuae
1798 3704 1878 3779 apud
1901 3703 2059 3763 Philonem

531 3795 686 3869 leguntur:
715 3788 804 3866 Quod
835 3788 904 3846 Det.
928 3788 994 3845 Pot.
1017 3787 1111 3847 Insid.
1135 3789 1193 3860 44,
1223 3810 1251 3867 p.
1271 3791 1332 3847 222
1358 3787 1465 3869 [Rittor
1487 3800 1517 3848 et
1539 3788 1657 3850 Preller
1680 3788 1697 3845 l.
1722 3790 1741 3847 l.
1763 3789 1896 3871 p.554):
1925 3789 2060 3870 τῶνγὰρ

529 3876 639 3961 ιῖρετῶν
661 3877 676 3953 ἡ
697 3880 752 3955 μὲν
774 3878 847 3937 θεοῦ
870 3870 943 3952 πρὸς
967 3869 1110 3947 ἀλήθειάν
1132 3871 1201 3945 ἐστι,
1226 3873 1297 3935 κατὰ
1322 3874 1351 3935 τὸ
1375 3875 1448 3936 εἶναι
1472 3878 1655 3935 συνεστῶσα·
1678 3871 1741 3936 ἔπεϊ
1761 3881 1811 3935 καῖ
1832 3874 1848 3936 ὁ
1872 3876 1945 3949 θεὸς
1966 3877 2061 3955 μόνος

528 3964 559 4028 ἐν
581 3971 619 4045 τῷ
642 3964 714 4025 εἶναι
736 3963 897 4045 ὑφέστηκεν,
922 3954 956 4020 οὗ
974 3960 1064 4039 χάριν
1086 3958 1253 4038 ἀναγκαίως
1276 3959 1337 4039 ipsi
1357 3968 1422 4042 περὶ
1444 3959 1540 4032 edroi,
1559 3959 1637 4039 Ἐγώ
1660 3961 1721 4039 εἰμι
1743 3959 1759 4022 ὁ
1784 3961 1834 4033 ὥν,
1859 3960 1900 4035 ὠς
1923 3966 1978 4024 τῶν
1999 3963 2062 4044 μετ’

529 4051 617 4114 αὐτὸν
639 4049 691 4112 οὖν
714 4050 803 4110 ὄντων
825 4046 896 4108 κατὰ
920 4047 951 4107 τὸ
974 4046 1058 4119 εἶναι,
1083 4044 1156 4126 δόξῃ
1180 4045 1212 4107 δὲ
1234 4048 1329 4124 μόνον
1353 4048 1512 4129 ὑφεστάναι
1535 4047 1746 4125 νομιζομένων.

572 4129 576 4135 ’
638 4138 667 4217 2)
692 4134 1069 4197 considerassem
1096 4153 1139 4213 sq.
1164 4153 1192 4212 p.
1217 4136 1258 4193 20
1282 4135 1339 4193 DE
1371 4136 1420 4195 ubi
1452 4136 1489 4194 do
1518 4135 1584 4213 ipso
1614 4136 1666 4193 illo
1688 4131 1790 4194 Exodi
1813 4125 1879 4193 beo
1911 4137 1984 4215 (III,
2011 4137 2060 4217 14)

531 4226 709 4305 disputatur.
754 4224 801 4281 De
824 4222 960 4280 Platonis
983 4221 1048 4279 loeo
1069 4222 1107 4280 ab
1130 4231 1251 4279 auctora
1276 4220 1498 4282 cohortationis
1522 4221 1645 4281 laudato
1669 4242 1697 4279 v.
1723 4220 1795 4281 Otto
1818 4221 1956 4301 „Corpus
1977 4226 2061 4302 Apo·

531 4315 635 4391 logett.
659 4303 747 4370 Τοῖα.
767 4304 828 4380 ΙΙΙ,
850 4327 881 4385 p.
898 4309 947 4380 74,
970 4327 998 4365 n.
1012 4310 1040 4367 3.
1958 4350 1964 4364 ,

639 4394 1092 4475 3)Ap01.1,e.25,6913.
1136 4394 1176 4453 ib.
1199 4415 1223 4452 c.
1249 4396 1304 4465 14,
1328 4413 1358 4472 p.
1382 4397 1419 4453 61
1444 4392 1480 4450 B.
1523 4392 1614 4470 Apol.
1637 4391 1680 4464 ll,
1703 4411 1727 4449 o.
1753 4395 1781 4464 6,
1805 4394 1846 4450 44
1870 4393 1918 4464 Ι),
1962 4414 1986 4451 c.
2012 4398 2061 4466 12,

530 4505 560 4563 p.
583 4488 624 4547 50
647 4484 690 4560 Ο,
712 4503 736 4542 c.
761 4486 810 4556 13,
834 4482 872 4541 51
898 4480 936 4540 D.
979 4480 1116 4560 Theoph.
1140 4480 1179 4539 ad
1204 4481 1307 4539 Autol.
1329 4481 1355 4554 Ι,
1378 4501 1403 4539 c.
1425 4481 1455 4561 4,
1480 4500 1507 4557 p.
1524 4481 1586 4539 340
1610 4481 1657 4538 ed.
1681 4479 1755 4537 Mar.

639 4573 659 4629 4
693 4570 772 4629 Dial.
795 4589 819 4628 c.
841 4566 894 4626 Tr.
917 4586 942 4625 c.
966 4567 995 4625 5.

640 4572 669 4738 bl
691 4656 771 4717 Just.
794 4653 885 4733 Apol.
907 4654 933 4726 Ι,
956 4672 980 4711 o.
1005 4656 1055 4725 26,
1079 4630 1172 4731 p⁰70
1194 4651 1229 4710 B.
1295 4652 1386 4731 Apol.
1410 4650 1458 4723 II,
1482 4671 1506 4709 c.
1529 4653 1558 4723 6,
1583 4668 1612 4728 p.
1634 4651 1676 4708 44
1700 4650 1738 4711 D.
1804 4647 1896 4727 Apol.
1917 4648 1940 4718 1,
1963 4667 1988 4707 o.
2012 4652 2063 4708 32.

532 4741 887 4824 Ap01.1,8p.574.
940 4739 1019 4798 Dial.
1042 4760 1067 4798 c.
1092 4738 1143 4799 Tr.
1167 4758 1192 4797 c.
1218 4739 1290 4801 105.
1344 4733 1475 4816 Thooph
1499 4736 1537 4797 ad
1560 4736 1663 4796 Autol.
1685 4736 1727 4807 II,
1758 4755 1783 4796 c.
1803 4737 1858 4808 22,
1888 4754 1918 4812 p.
1943 4735 2063 4796 365=t

530 4835 584 4910 μὲν
606 4829 679 4905 θεὸς
700 4835 750 4889 καῖ
771 4826 863 4908 πατὴρ
884 4829 940 4888 τῶν
953 4826 1042 4896 ὅλων
1063 4822 1210 4904 ἃχώρητός
1239 4820 1398 4896 lornant
1427 4822 1457 4885 ἐν
1484 4823 1563 4903 τόπῳ
1592 4820 1643 4902 οὐχ
1672 4821 1840 4899 εὑρίσκεται.
1885 4821 1922 4879 cf.
1946 4820 1988 4880 ΙΙ.
2013 4825 2063 4891 34,

532 4940 562 4999 p.
585 4920 656 4979 373.
712 4914 753 4975 id.
776 4913 833 4987 ΙΙΙ,
857 4917 893 4986 9,
926 4934 955 4993 p.
979 4915 1058 4974 386:
1093 4911 1175 4990 ἡμεῖς
1205 4909 1237 4972 δὲ
1257 4918 1308 4972 καῖ
1329 4910 1404 4973 θεὸν
1426 4909 1632 4988 ὁμολογοῦμεν
1654 4906 1719 4968 ἀλλ’
1741 4910 1792 4968 ἕνα
1815 4907 1865 4969 τὸν
1884 4914 1993 4983 κτίστην
2014 4916 2065 4969 καὶ

531 5002 649 5079 ποιητὴν
670 5008 720 5063 καῖ
742 4999 922 5081 δημιουργὸν
944 4998 1025 5063 τοῦδε
1048 5002 1096 5061 τοῦ
1120 4998 1236 5072 παντός.
