5034 6084
1289 630 1334 702 15

545 832 593 906 ab
632 828 918 931 quadragesimo
954 854 1053 902 anno
1080 828 1211 904 aetatis
1234 829 1370 905 docuit.
1428 831 1515 906 Non
1548 831 1683 907 iniuste
1715 832 1863 932 quidem
1890 834 2089 933 Neoplato-

544 934 657 1009 nismi
675 930 857 1009 sentiendi
875 928 1137 1032 cogitandique
1157 932 1309 1006 nitidum
1330 948 1438 1008 antea
1456 933 1532 1008 iam
1554 934 1732 1011 latissime
1750 935 1910 1036 patuisse
1936 935 2087 1031 dicitur3

546 1034 610 1110 sed
648 1033 886 1110 nihilosecius
920 1033 966 1107 de
1001 1032 1038 1107 vi
1074 1032 1236 1131 quadarn
1272 1035 1351 1110 eius
1386 1035 1434 1109 ad
1468 1036 1688 1112 excolendas
1726 1051 1870 1137 patrum
1911 1037 2087 1113 ecclesiae

546 1137 732 1213 doctrinas
758 1150 907 1237 propter
942 1134 1099 1235 originis
1125 1149 1271 1235 tempus
1307 1137 1486 1238 disputari
1518 1165 1595 1212 non
1617 1154 1735 1238 potest
1754 1141 1793 1239 ¹).
1852 1139 1982 1239 Neque
2008 1167 2087 1212 om-

544 1241 633 1313 niuo
658 1241 772 1314 ullam
798 1238 1007 1313 eclecticam
1028 1236 1308 1338 philosophiam
1324 1240 1477 1326 ,fontem
1502 1267 1591 1336 esse,
1618 1241 1717 1316 unde
1743 1242 1934 1317 hauserint
1958 1257 2086 1358 pptare
2176 1307 2179 1313 .

545 1369 637 1442 opus
663 1357 733 1438 est,
761 1360 884 1440 quum·
900 1338 972 1439 ipsi
998 1337 1169 1413 eclectico
1197 1340 1310 1416 modo
1337 1341 1591 1441 philosophari
1617 1361 1783 1443 possent:
1821 1371 1910 1418 nam
1937 1371 1999 1442 qm
2024 1371 2085 1417 ve·

544 1457 638 1519 teres
665 1442 877 1542 disciplinas
903 1455 1088 1515 tuerentur
1115 1442 1220 1516 multi
1245 1443 1315 1517 viri
1337 1443 1434 1518 docti
1455 1444 1932 1544 exstiteruutauctoresque
1958 1445 2084 1545 singn-

544 1547 662 1620 larum
684 1544 962 1646 disciplinarum
989 1556 1024 1618 et
1050 1544 1262 1644 coryphaei,
1289 1545 1472 1646 imprimis
1495 1546 1662 1621 Platonis
1688 1547 1775 1622 libri
1803 1547 2085 1648 diligentissime

545 1649 778 1749 legebantur,
818 1646 921 1720 cuius
954 1644 1008 1720 rei
1040 1658 1148 1720 testes
1182 1645 1221 1720 in
1255 1647 1346 1748 ipsis
1379 1647 1532 1721 Patrum
1565 1649 1711 1750 scriptis
1747 1663 1891 1724 exstant
1923 1649 2083 1749 plurimi.

544 1752 672 1850 Itaque
705 1749 813 1827 etiarn
836 1748 981 1824 Keilius
995 1748 1026 1846 2)
1061 1762 1183 1846 patres
1220 1776 1265 1823 cx
1296 1739 1432 1850 graeca
1467 1750 1703 1852 philosophia
1736 1751 1898 1852 pendere
1930 1777 2083 1852 negans,

544 1869 583 1927 ut
608 1853 758 1927 Philoni
784 1866 819 1927 et
852 1849 1114 1925 alexandrinae
1147 1850 1340 1951 religionis
1375 1852 1634 1952 philosophiae
1666 1852 1867 1928 maximam
1902 1853 1950 1927 ad
1976 1878 2083 1928 exco-

543 1955 672 2030 lendas
699 1981 826 2029 eorum
849 1952 1034 2027 doctrinas
1060 1951 1289 2028 adiudicaret
1313 1953 1400 2049 vim,
1425 1955 1548 2028 minus
1572 1971 1741 2031 accurate
1764 1984 1842 2031 rem
1868 1956 2082 2030 enucleavit.

545 2053 585 2132 Si
612 2056 737 2130 omnia
757 2071 909 2155 spectas,
935 2054 1081 2130 Keilius
1108 2081 1235 2128 eorum
1254 2056 1418 2130 virorum
1436 2058 1633 2132 sententias
1653 2059 1826 2156 sequitur,
1854 2059 1917 2157 qui
1936 2057 2082 2155 culpam

544 2174 735 2259 corruptae
757 2155 950 2257 platonicis
977 2155 1166 2230 sententiis
1185 2156 1413 2258 Theologiae
1435 2186 1458 2232 a
1477 2160 1643 2259 patribus
1670 2160 1859 2236 dimovere
1877 2158 2082 2233 studebant.

544 2261 688 2352 Quibus
714 2286 800 2335 vero
827 2286 850 2332 a
872 2258 1001 2333 ceteris
1027 2257 1286 2332 defensoribus
1310 2258 1511 2357 dissentiat,
1534 2261 1594 2335 his
1616 2261 1771 2336 indicat:
1800 2261 1967 2358 „Horum
1994 2287 2082 2334 vero

543 2363 709 2465 partibus
733 2388 955 2462 quamquam
983 2374 1017 2436 et
1043 2387 1113 2459 ego
1140 2359 1391 2435 accedendum
1422 2391 1502 2438 esse
1528 2364 1715 2459 existimo,
1745 2392 1849 2441 meae
1874 2380 1996 2438 tamen
2023 2388 2082 2434 ra-

542 2467 661 2542 tiones
687 2466 734 2540 ab
762 2465 909 2538 illorum
936 2461 1139 2537 rationibus
1166 2461 1217 2535 ita
1242 2462 1430 2560 differunt,
1457 2479 1496 2539 ut
1522 2490 1605 2539 cum
1628 2466 1792 2566 plerique
1819 2493 1965 2562 eornm,
1989 2490 2084 2563 quae

542 2570 581 2642 in
608 2569 855 2667 antiquiorum
876 2566 1067 2640 doctorum
1089 2564 1234 2665 scriptis
1255 2565 1388 2640 iustam
1415 2567 1576 2667 aliquam
1592 2568 1730 2643 habere
1757 2567 1950 2644 videantur
1968 2569 2082 2641 oflen-

545 2672 697 2766 sionem,
726 2697 770 2746 ea
795 2682 870 2743 tam
892 2668 955 2742 diu
980 2682 1184 2765 torqueant,
1212 2666 1324 2765 inque
1346 2685 1468 2770 partes
1494 2669 1762 2745 diversissimas
1783 2672 1940 2766 trahant,
1967 2696 2083 2768 usqne

545 2773 633 2847 dum
674 2771 861 2888 aptissime
895 2785 931 2845 et
964 2769 1013 2842 ad
1047 2783 1212 2868 receptae
1248 2769 1436 2847 doctrinae
1469 2772 1667 2846 formulam
1702 2772 2083 2847 accommodatissime

546 2876 680 2975 scripta
702 2888 912 2975 appareant,
940 2898 1009 2971 ego
1037 2888 1164 2943 contra
1189 2870 1326 2945 infitias
1345 2874 1499 2948 minime
1524 2901 1616 2969 eam,
1643 2901 1722 2949 esse
1744 2875 1924 2972 quaedam
1950 2901 2083 2973 parum
2166 2885 2169 2891 '

545 2992 642 3052 recte
666 2977 713 3051 ab
740 2976 786 3049 iis
817 2975 951 3073 scripta
975 2987 1038 3046 aut
1065 2970 1232 3067 defensa,
1271 2973 1335 3047 sed
1360 2974 1399 3047 id
1433 2991 1557 3051 tamen
1589 3004 1740 3076 negem,
1774 3003 1817 3050 ea
1848 2978 2007 3077 primunr
2033 2975 2080 3049 ab

545 3080 590 3153 iis
617 3081 655 3153 in
682 3077 872 3179 religionis
903 3074 1110 3150 doctrinam
1136 3100 1216 3149 esse
1249 3073 1457 3151 introducta
1486 3094 1521 3152 et
1548 3106 1592 3153 ex
1619 3078 1812 3152 Platonica
1845 3077 2081 3179 philosophia

546 3181 728 3277 desumta,
765 3178 829 3255 sed
855 3177 1004 3254 aliunde
1029 3176 1150 3277 potius
1180 3175 1228 3249 ad
1264 3204 1326 3252 eos
1352 3177 1472 3253 delata
1493 3208 1573 3256 esse
1598 3180 1853 3256 contendam“.
1912 3179 2080 3252 Primum

543 3284 693 3383 quidem
719 3283 765 3357 ad
794 3282 958 3355 animum
973 3287 1130 3380 ‘patrum
1158 3306 1180 3351 a
1206 3279 1443 3381 philosophia
1469 3284 1629 3363 alienum
1660 3283 1822 3384 delegat,
1855 3280 1989 3357 deinde
2016 3309 2080 3356 eos

541 3414 655 3460 unam
680 3387 897 3486 scripturam
916 3408 1058 3456 sacram
1083 3380 1162 3455 veri
1188 3384 1437 3481 cognoscendi
1463 3410 1507 3459 ac
1529 3385 1718 3460 iudicandi
1739 3386 1878 3460 fontem
1906 3383 2079 3459 habuisse

542 3485 665 3583 docet,
694 3488 853 3585 denique
879 3512 966 3560 vero
994 3509 1087 3583 quae
1114 3509 1160 3557 ex
1182 3482 1376 3560 Platonica
1400 3487 1637 3587 philosophia
1661 3488 1701 3561 in
1727 3487 1918 3587 religionis
1944 3485 2079 3559 doctri-

541 3613 629 3664 nam
657 3589 825 3662 dicantur
858 3600 1021 3661 assumta
1046 3584 1176 3680 fuisse,
1212 3612 1255 3660 ea
1280 3614 1356 3660 non
1383 3590 1494 3663 modo
1523 3590 1623 3690 ipsos
1656 3589 1804 3663 aliunde
1839 3617 1878 3664 se
1905 3588 2079 3663 didicisse

541 3692 728 3792 professos
754 3717 853 3784 esse,
892 3689 1039 3783 docere,
1077 3686 1143 3761 sed
1168 3713 1235 3786 per
1259 3688 1407 3790 singula
1441 3691 1550 3765 etiam
1576 3691 1716 3787 eund0,
1752 3717 1792 3765 re
1819 3717 1905 3766 vera
1930 3689 2079 3764 aliunde

540 3794 720 3895 profecta,
757 3792 943 3867 declarare
968 3804 1131 3863 conatur.
1192 3788 1345 3865 sivero
1379 3809 1591 3890 quaeratur,
1631 3794 1783 3893 quinam
1817 3794 1864 3867 sit
1895 3818 1939 3867 ex
1964 3790 2079 3865 Keilii

541 3896 716 3996 opinione
738 3895 840 3990 fons,
877 3892 976 3967 unde
1001 3892 1065 3965 illa
1090 3891 1254 3992 profecta
1278 3892 1368 3989 sint,
1403 3921 1497 3992 quae
1523 3898 1634 3997 vulgo
1669 3924 1713 3971 ex
1738 3894 1931 3968 Platonica
1955 3892 2077 3992 philo-

542 3998 674 4098 sophia
699 3998 738 4071 in
763 3995 952 4097 religionis
979 3994 1184 4069 doctrinam
1208 3995 1387 4073 translata
1411 3997 1524 4075 fuisse
1550 3999 1733 4092 dicantur,
1766 3996 1965 4069 maximam
1992 4021 2076 4094 par·

542 4115 615 4174 tem
643 4100 732 4174 tales
754 4098 941 4173 doctrinas
968 4124 1012 4172 ex
1028 4096 1196 4171 «Iudaicis
1222 4095 1371 4174 fluxisse
1393 4098 1691 4201 respondendum
1719 4112 1783 4173 est.
1835 4097 1952 4172 Multa
1977 4096 2077 4170 enim

541 4230 564 4275 a
582 4201 734 4277 «Iudaeis
758 4215 798 4276 ut
824 4200 1008 4301 dogmata,
1034 4198 1201 4272 inlibris
1229 4225 1357 4275 eorum
1385 4203 1498 4276 sacris
1519 4201 1663 4299 tradita,
1689 4200 1737 4276 ad
1761 4227 1824 4275 eos
1851 4227 1930 4275 esse
1956 4215 2074 4272 trans·

540 4305 656 4378 missa
682 4303 828 4379 atinde
854 4303 938 4378 licet
962 4314 1088 4402 aperto
1112 4301 1330 4401 plerumque
1354 4330 1495 4400 errore,
1525 4303 1626 4378 bona
1650 4318 1773 4380 tamen
1798 4301 1890 4397 fide,
1925 4315 1964 4374 ut
1989 4327 2076 4400 pars

542 4406 732 4507 religionis
758 4404 933 4479 divinitus
960 4403 1141 4479 revelatae
1162 4401 1209 4476 ab
1232 4401 1279 4475 iis
1305 4404 1433 4479 habita
1458 4405 1618 4506 itemque
1641 4406 1725 4481 aliis
1753 4431 1832 4479 csse
1855 4404 2053 4504 proposita.

558 4580 855 4595 ..--—-—-—-——

649 4679 678 4750 1)
704 4678 751 4737 De
774 4696 846 4736 vera
866 4673 1105 4752 Neoplatonismi
1129 4672 1230 4733 indole
1246 4670 1281 4730 ''v.
1302 4670 1483 4731 Bouterweh
1506 4670 1774 4751 „Philosophorum
1799 4670 2071 4731 Alexandrinorum

541 4784 576 4821 ac
598 4764 880 4843 Neoplatonicorum
904 4761 1038 4819 recensio
1061 4762 1254 4819 accuratior&
1301 4757 1481 4817 Commeutt.
1504 4757 1721 4835 SocGotting.
1744 4767 1869 4821 recentt.
1893 4760 1979 4818 class.
2003 4760 2070 4818 hist.

540 4862 572 4909 et
594 4851 737 4929 philolog.
760 4852 797 4924 V,
820 4852 893 4911 227.
936 4848 1043 4919 Ritter,
1067 4844 1176 4905 Gesch.
1201 4845 1229 4905 d.
1252 4844 1366 4904 Philos.
1390 4844 1444 4918 1v‚
1468 4865 1498 4924 p.
1512 4848 1574 4906 537
1592 4866 1658 4926 sqq.
2013 4851 2019 4864 '

651 4956 678 5034 2)
709 4956 756 5014 Do
786 4952 954 5014 doctoribus
984 4957 1044 5009 vet.
1080 4949 1151 5013 secl.
1181 4949 1269 5027 eulpa
1298 4967 1373 5007 corr.
1396 4967 1450 5027 per
1472 4949 1611 5008 Platona.
1634 4959 1774 5009 sententt.
1797 4948 1888 5012 theol.
1912 4949 2074 5011 liberandis

540 5043 805 5101 commentationes
827 5039 935 5099 XXII.
979 5035 1132 5117 Opusculs
1156 5035 1263 5096 aeadd.
1286 5034 1335 5095 ed.
1360 5032 1517 5094 Goldhorn
1540 5056 1568 5116 p.
1583 5038 1646 5096 439
1667 5055 1732 5116 sqq.
