5034 6084
1212 595 1217 605 ⁹
1245 652 1266 722 o

494 853 674 949 lustinus,
722 852 767 926 de
811 853 921 927 veteri
968 851 1204 951 philosophia
1240 865 1420 947 statuunt,
1460 854 1694 970 profitentes,
1731 851 2018 952 haudquaquam

490 956 599 1057 plane
622 955 780 1030 alienam
809 980 895 1042 esse¹
911 953 1078 1027 Platonis
1104 952 1310 1028 doctrinam
1333 981 1355 1028 a
1379 954 1518 1028 Christi
1544 954 1748 1055 praeceptis
1761 956 1812 1053 1),
1839 956 2018 1030 nonnulla

486 1058 672 1157 praeclare
687 1056 822 1131 dixisse
839 1045 1023 1130 interdum
1041 1069 1103 1128 aut
1123 1056 1349 1157 excogitasse
1365 1056 1606 1156 philosophos
1624 1058 1658 1132 le
1686 1083 1820 1155 umque
1833 1058 1966 1131 latores
1974 1058 2018 1156 ²),

490 1159 721 1232 Christianos
748 1185 770 1232 a
795 1158 875 1233 Deo
903 1157 1027 1231 omnia
1051 1171 1180 1231 ornata
1204 1173 1239 1233 et
1266 1172 1346 1232 orta
1372 1184 1451 1233 esse
1467 1158 1638 1255 dicentes,
1659 1084 1829 1232 {latonia
1855 1160 2019 1257 proferre

488 1260 606 1335 videri
630 1261 874 1357 seutentiamq
897 1259 1104 1333 Stoicorum
1132 1260 1241 1333 etiam
1269 1259 1300 1332 si
1326 1259 1652 1360 conflagrationem
1677 1260 1757 1333 fore
1784 1261 2017 1356 contendant,

490 1362 546 1437 vel
573 1362 603 1435 si
630 1362 884 1461 improborum
909 1362 1053 1435 animas
1077 1360 1187 1435 etiam
1212 1375 1296 1461 post
1334 1376 1489 1436 mortem
1522 1389 1630 1436 sensu
1664 1361 1849 1461 praeditas
1881 1363 2017 1462 puniri,

488 1464 671 1537 bonorum
694 1480 821 1538 contra
845 1490 868 1537 a
899 1462 1078 1562 supplicio
1100 1462 1233 1537 liberas
1259 1463 1367 1538 beate
1394 1463 1527 1565 degere
1554 1463 1723 1553 credant,
1746 1463 1875 1538 eadem
1901 1464 1940 1537 in
1964 1479 2019 1538 ta-

488 1565 586 1639 libus
613 1565 841 1639 Christianos
884 1579 992 1663 atque
1017 1574 1145 1664 po'etas
1178 1579 1214 1639 et
1248 1564 1489 1666 philosophos
1516 1566 1637 1641 dicere
1659 1565 1776 1640 videri
1802 1566 1844 1665 ³).
1897 1565 2020 1655 Quare

490 1668 692 1768 interrogat
727 1668 948 1768 Iustinus4):
977 1668 1012 1740 εἰ
1036 1664 1098 1739 οὖν
1124 1676 1186 1740 καὶ
1212 1664 1349 1759 ὁμοίως
1374 1679 1451 1741 τινὰ
1477 1675 1549 1751 τοῖς
1575 1665 1668 1763 παρ’
1694 1666 1780 1759 ὑμῖν
1804 1681 2021 1760 τιμωμένοις

492 1776 652 1864 ποιηταῖς
670 1778 730 1841 καὶ
745 1775 959 1865 φιλοσόφοις
983 1774 1150 1863 λέγομεν,
1178 1771 1253 1842 ἔνια
1268 1772 1305 1843 δὲ
1330 1779 1392 1843 καὶ
1417 1777 1593 1863 μειζόνως
1618 1779 1679 1843 καὶ
1696 1776 1810 1853 θείως
1826 1780 1886 1843 καὶ
1911 1777 2018 1863 μόνοι

489 1870 562 1967 μετ’
588 1870 805 1960 δποόείξτως
829 1884 864 1945 τί
886 1878 986 1969 παρὰ
1014 1879 1149 1955 πάντας
1172 1871 1306 1954 ἀδίκως
1330 1874 1557 1967 μισοόμεόα;
1584 1872 1728 1947 Stoicos
1760 1874 1800 1946 in
1827 1873 1889 1966 iis,
1926 1891 2025 1973 quae'

490 1976 537 2050 de
562 1975 728 2049 moribus
753 1975 923 2070 dixerint,
950 1975 1139 2074 praeclara
1164 1975 1352 2049 confessos
1374 1977 1462 2071 esse,
1490 1975 1658 2050 concedit
1680 1976 1840 2050 lustinus
1857 1975 1903 2071 ⁵),
1931 1976 2020 2074 quin

490 2093 525 2154 et
551 2077 781 2151 Christianos
804 2104 867 2152 eos
892 2076 1005 2151 fuisse
1032 2074 1133 2171 dixit,
1162 2078 1224 2175 qui
1251 2091 1334 2151 aute
1369 2077 1558 2151 Christum
1588 2073 1680 2172 μετὰ
1707 2083 1819 2172 λόγον
1852 2078 2020 2171 vixerint,

492 2180 617 2279 quales
644 2177 742 2279 apud
770 2176 904 2253 Graios
930 2178 1077 2253 fuerunt
1105 2177 1273 2254 Socrates
1299 2193 1335 2254 et
1359 2177 1585 2274 Heraclitus,
1620 2180 1718 2280 apud
1750 2179 1913 2254 Judaeos
1940 2180 2033 2278 Mu-⁸

492 2282 626 2375 sonius,
653 2279 898 2377 Abrahamus,
926 2279 1090 2354 Ananias
1116 2281 1294 2379 multique
1320 2280 1384 2354 alii
1401 2282 1444 2380 6),
1472 2282 1524 2355 ita
1550 2295 1590 2354 ut
1613 2282 1720 2356 etiam
1749 2280 1912 2356 Graecos
1937 2280 2020 2381 phi-

491 2382 667 2482 losophos
690 2382 878 2457 veritatem
903 2382 1176 2481 quodammodo
1202 2382 1421 2482 cognovisse
1447 2382 1577 2484 negari
1603 2410 1679 2457 non
1705 2385 1822 2483 possit
1833 2385 1879 2476 ⁷).

609 2485 659 2558 At
685 2484 744 2557 his
770 2484 980 2558 mitioribus
1008 2483 1053 2558 de
1080 2484 1193 2558 veteri
1218 2484 1454 2584 philosophia
1478 2483 1624 2559 iudiciis
1649 2485 1763 2559 multa
1799 2485 1873 2559 alia
1906 2511 2022 2583 eaque

492 2585 690 2661 durissima
717 2586 853 2686 opponi
888 2600 1059 2685 possunt,
1095 2586 1228 2683 quibus
1265 2588 1443 2662 sententia
1473 2614 1599 2662 eorum
1633 2588 1694 2685 qui
1729 2613 1752 2660 a
1788 2587 2024 2687 philosophia

491 2714 642 2789 prorsus
662 2686 899 2762 abhorruisse
926 2688 1139 2788 apologetas
1161 2686 1370 2788 opinantur,
1389 2703 1583 2789 postquam
1600 2688 1789 2762 christiani
1803 2688 1889 2763 facti
1908 2704 2022 2784 erant,

494 2790 704 2863 confirmari
727 2789 881 2864 videtur.
932 2790 1152 2889 Philosophi
1173 2789 1272 2864 enim
1295 2803 1330 2863 et
1346 2806 1486 2867 veteres
1508 2791 1713 2890 scriptores,
1732 2818 1844 2889 quum
1865 2790 1920 2863 nil
1941 2818 2019 2863 om·

493 2892 583 2966 nino
610 2890 683 2965 nisi
709 2891 788 2965 Deo
817 2891 995 2992 largiente
1021 2891 1114 2965 vires
1148 2892 1332 2966 humanae
1364 2893 1404 2966 iu
1437 2894 1516 2968 Deo
1552 2891 1811 2993 cognoscendo
1843 2893 2021 2993 proficere

493 3007 636 3092 queant,
662 2994 857 3067 obscurum
882 3008 1022 3067 tanturn
1049 2994 1088 3066 in
1114 2993 1267 3067 modum
1293 2994 1482 3071 veritatem
1509 2994 1684 3069 videbant
1701 2994 1750 3093 8),
1786 2994 1838 3068 ita
1870 3007 1909 3067 ut
1943 2993 2021 3068 non

494 3096 613 3170 solum
638 3094 733 3169 inter
760 3122 798 3170 se
824 3096 1047 3197 litigaverint
1061 3096 1112 3195 9),
1151 3095 1216 3170 sed
1246 3096 1357 3170 etiam
1392 3124 1500 3198 saepe
1535 3121 1658 3171 secum
1691 3096 1781 3196 ipsis
1818 3096 2023 3196 pugnantia

492 3197 652 3271 dixerint
661 3200 711 3290 10)
738 3224 924 3296 quumque
949 3198 996 3273 de
1016 3197 1250 3299 gravioribus
1278 3197 1387 3273 rebus
1412 3223 1534 3274 seeum
1560 3197 1650 3297 ipsis
1675 3197 1812 3272 inirent
1827 3211 2022 3292 certamen,

505 3413 509 3422 ¹
602 3432 633 3509 1)
658 3431 747 3510 Apol.
781 3430 823 3489 11.
856 3449 881 3488 c.
906 3432 955 3488 13.
992 3449 1021 3507 p.
1051 3432 1112 3490 51:
1153 3426 1205 3491 οὖν
1240 3428 1381 3513 α’λλότριά
1419 3427 1478 3491 έστι
1512 3431 1545 3492 τὰ
1580 3429 1742 3503 Πλάτωνος
1779 3425 1947 3505 διδάγματα
1975 3430 2025 3486 τοῦ

495 3523 634 3677 Χριστος)
657 3601 737 3683 Apol
760 3602 800 3661 II.
833 3622 857 3660 c.
882 3606 932 3662 10.
960 3622 990 3682 p.
1013 3606 1054 3662 48
1079 3602 1119 3663 C:
1142 3604 1198 3663 ὅσα
1227 3601 1285 3681 γὰρ
1307 3604 1407 3673 καλῶς
1437 3599 1484 3663 ἀεί
1505 3599 1688 3685 locatam
1707 3605 1757 3660 καί
1775 3594 1861 3678 εὗρον
1883 3597 1912 3659 ol
1934 3600 2023 3679 φιλο-

494 3694 667 3804 σρφήσαντες
695 3691 712 3765 ἢ
745 3687 991 3765 νομοθετήσαντες
1020 3689 1092 3751 κατὰ
1116 3688 1205 3767 λόγον
1234 3693 1326 3767 μέρος
1356 3685 1495 3767 εὑρέσεως
1527 3696 1576 3749 καῖ
1609 3692 1741 3770 θεωρίας
1774 3682 1833 3746 lori
1860 3689 2024 3760 ποιηθέντα

496 3802 633 3942 aava&
658 3862 841 3942 Ap01.1.c.
866 3865 914 3923 ao.
938 3880 967 3940 p.
992 3864 1031 3921 oo
1054 3861 1143 3922 our

603 3952 633 4111 δ)
656 3950 746 4116 lapid.
769 4035 812 4095 II.
846 4052 871 4091 c.
894 4035 922 4093 8.
957 4052 986 4111 p.
1009 4032 1098 4092 46Β
1130 4031 1267 4105 καὶτοὺς
1294 4030 1354 4093 ἀπὸ
1386 4034 1443 4091 τῶν
1464 4031 1595 4092 Στοῖιιῶν
1616 4028 1648 4091 δέ
1671 4026 1830 4108 δογμάτων
1851 4025 1948 4104 ἐπειδὴ
1970 4028 2026 4088 κᾶν

385 4173 388 4178 ·
497 4126 544 4187 τὸν
567 4122 675 4198 ἠθικὸν
697 4122 785 4200 λόγον
807 4118 928 4196 κόσμιοι
949 4119 1087 4198 γεγόνασι
1108 4124 1165 4179 κτλ..

603 4212 633 4284 6)
657 4208 796 4289 Apoll.
820 4227 844 4264 c.
867 4209 917 4265 46.
951 4227 979 4285 p.
1003 4209 1044 4267 83
1069 4205 1103 4266 C.

604 4298 635 4372 7)
660 4295 749 4375 Apol.
772 4294 799 4362 Ι,
821 4314 845 4352 c.
869 4296 898 4352 8.
921 4313 950 4371 p.
975 4296 1015 4351 57
1039 4294 1073 4351 Β,
1119 4291 1191 4354 Coh.
1216 4290 1254 4349 ad
1279 4287 1331 4349 Gr.
1356 4288 1443 4348 aaa
1465 4309 1495 4367 p.
1521 4291 1561 4349 20
1584 4288 1623 4347 Ι).
1655 4288 1694 4348 ib.
1717 4308 1741 4346 c.
1767 4291 1795 4344 l.
1817 4287 1935 4365 pan.

603 4384 634 4456 8)
658 4382 747 4461 Apol.
769 4380 812 4453 11,
836 4399 861 4437 c.
886 4382 947 4438 13»
969 4399 997 4458 p.
1021 4382 1059 4438 51
1086 4381 1129 4436 D:
1153 4378 1182 4437 ol
1201 4378 1260 4456 γὰρ
1283 4380 1459 4456 συγγραφεῖς
1482 4374 1584 4447 πάντες
1605 4372 1656 4434 διὰ
1683 4378 1730 4450 τῇς
1753 4370 1871 4446 ένοόσης
1894 4368 2024 4451 ἒμφότου

494 4476 542 4532 τοῦ
565 4469 655 4546 λόγου
677 4470 791 4550 σπορᾶς
813 4462 954 4544 ἀμυδρῶς
976 4462 1111 4525 ἐδύναντο
1135 4464 1209 4544 ὁρᾶν
1230 4464 1263 4524 τὰ
1288 4462 1365 4523 ὄντα.

602 4557 631 4636 9)
655 4555 730 4615 Coh.
753 4554 792 4613 ad
816 4550 907 4612 Gent.
930 4572 954 4613 c.
980 4552 1030 4612 35.
1068 4572 1096 4628 p.
1121 4553 1160 4611 33
1184 4550 1219 4609 B.
1263 4547 1402 4626 Theoph.
1433 4548 1470 4607 ad
1495 4546 1597 4605 Autol.
1621 4550 1649 4616 3,
1675 4549 1709 4620 23
1733 4550 1762 4619 2,
1787 4548 1808 4605 4
1831 4553 1862 4602 et
1885 4544 1920 4615 53
1944 4543 1971 4601 3.
1996 4541 2024 4595 7.

494 4644 593 4722 Epist.
626 4640 664 4700 ad
687 4642 798 4718 Diogu.
829 4658 854 4697 c.
877 4640 907 4698 8.
934 4659 964 4717 p.
988 4638 1051 4697 488
1074 4637 1109 4695 Β.
1153 4635 1258 4713 ἢιοδς
1281 4633 1378 4707 κενοὺς
1400 4639 1450 4695 καί
1470 4630 1610 4711 ληρώδεις
1632 4630 1748 4694 ἐκείνων
1770 4631 1875 4710 λόγους
1896 4624 2023 4705 ἀποδέχῃ

494 4733 550 4790 τῶν
572 4726 749 4801 ἀξιοπίστων
773 4724 991 4807 (quodironicc
1004 4724 1115 4783 dictum
1129 4743 1204 4797 esse,
1227 4733 1308 4783 recte
1331 4723 1446 4781 monuit
1457 4719 1540 4791 Otto,
1563 4721 1594 4778 in
1612 4721 1861 4780 commentatione
1878 4715 1916 4775 de
1927 4714 2024 4792 Epist.

494 4817 541 4877 ad.
564 4815 676 4894 Diogu.
706 4835 736 4893 p.
760 4813 816 4893 64)
845 4810 1020 4893 φιλοσόφων
1041 4805 1083 4870 ὧν
1114 4811 1142 4871 oi
1169 4816 1223 4889 μέν
1252 4832 1323 4883 τινες
1344 4812 1401 4888 πῦρ
1423 4809 1538 4888 ἔφασαν
1560 4806 1633 4868 εἶναι
1652 4805 1701 4868 τὸν
1722 4805 1805 4876 θεόν,
1829 4804 1858 4864 οἱ
1880 4800 1912 4863 δέ
1933 4798 2023 4878 ὕδωρ,

494 4903 523 4963 οἱ
544 4899 655 4963 δ’ἄλλο
678 4923 703 4961 τι
725 4903 781 4961 τῶν
803 4904 949 4978 στοιχείων
970 4900 1026 4958 τῶν
1047 4894 1218 4976 έκίισμένων
1240 4896 1297 4958 ὑπὸ
1320 4899 1405 4958 θεοῦ.

602 4985 830 5069 10)Ap01.11.
857 5005 881 5043 c.
906 4984 955 5046 10.
986 5005 1014 5063 p.
1039 4986 1090 5043 48.
1122 4984 1156 5044 C.
1193 4981 1305 5045 ἐναντία
1335 4980 1447 5054 ἑαυτοῖς
1476 4980 1618 5052 πολλάκις
1640 4978 1719 5040 elnon
1749 4978 1787 5036 cf.
1815 4974 1952 5052 Theoph.
1986 4970 2027 5028 ad

494 5076 596 5134 Autol.
618 5073 675 5147 III,
700 5078 730 5136 3.
