5034 6084
1242 593 1406 686 46'

424 896 429 907 ,
620 814 764 904 Quibus
797 840 842 887 ex
869 815 971 888 ositis
1007 841 1120 913 quum
1156 814 1318 906 dubitari
1347 843 1422 890 non
1458 816 1575 914 possit
1606 841 1687 889 cum
1712 817 1847 892 stoicae
1869 817 2034 917 philoso-

505 916 615 1016 phiae
642 915 810 990 formulis
834 842 971 989 lustini
996 918 1130 1017 placita
1157 917 1294 1017 optime
1321 917 1535 1013 concinere,
1575 918 1648 992 illis
1673 918 1859 992 dustinum
1900 919 2035 1011 doctri·
2088 913 2091 920 ’

505 1045 592 1091 nam
622 1045 726 1092 suam
753 1020 1069 1113 accommodasse,
1110 1046 1185 1096 non
1205 1036 1328 1094 tamen
1355 1021 1715 1120 praetermittendum
1741 1035 1813 1117 est,
1856 1037 2034 1119 quantum

504 1119 642 1195 tustini
667 1118 862 1218 Stoicaque
895 1120 941 1194 de
974 1121 1142 1194 seminali
1170 1122 1312 1199 ratione
1346 1121 1535 1196 doctrinae
1570 1122 1785 1221 discrepent.
1852 1122 1961 1212 Quod
1994 1123 2034 1196 in

506 1221 649 1295 duabus
673 1222 854 1321 imprimis
880 1238 1030 1322 apparet
1057 1224 1167 1298 rebus
1200 1223 1319 1322 iisque
1352 1224 1581 1324 gravissimis
1605 1228 1644 1323 ¹).
1704 1224 1801 1297 Nam
1834 1224 2035 1299 secundum

505 1324 711 1399 doctrinam
734 1321 955 1419 Stoicorum,
983 1327 1150 1423 quamvis
1174 1325 1396 1426 cogitatione
1428 1325 1577 1423 quidem
1609 1326 1710 1399 illam
1736 1325 1948 1401 seminalem
1974 1353 2034 1399 ra·

505 1427 643 1500 tionem
667 1426 840 1501 materiae
866 1426 1031 1524 insitam,
1060 1455 1082 1501 a
1110 1428 1188 1501 Deo
1215 1454 1358 1502 summo
1386 1428 1569 1502 diversam
1596 1455 1676 1503 esse
1698 1428 1887 1521 volebant,
1917 1456 1955 1504 re
1979 1445 2033 1502 ta·

505 1554 590 1603 men
624 1527 744 1601 Deum
779 1529 1031 1628 mundumqhe
1066 1557 1180 1603 unum
1215 1529 1386 1629 idemque
1418 1556 1498 1604 esse
1537 1530 1804 1605 existimabant.
1864 1528 2035 1604 Justinus

504 1646 626 1704 tamen
653 1656 829 1731 magnam
855 1632 978 1705 statuit
1002 1632 1098 1706 inter
1123 1631 1243 1707 Deum
1270 1631 1555 1708 inenarrabilem
1579 1648 1614 1707 et
1639 1633 1753 1732 logon
1777 1632 2033 1726 differentiam,

507 1756 579 1830 quo
605 1758 692 1806 usus
717 1733 895 1807 mnndum
918 1734 1053 1809 creavit
1079 1734 1195 1827 Deus,
1223 1733 1436 1832 mundoque
1462 1761 1541 1809 sese
1567 1734 1760 1830 revelavit,
1800 1735 1851 1808 ita
1878 1750 1917 1807 ut
1942 1735 2034 1807 haec

505 1834 672 1907 doctrina
704 1834 986 1933 pantheisticam
1030 1835 1235 1910 Stoicorum
1272 1835 1392 1910 vitans
1428 1837 1627 1933 rationem,
1663 1836 1859 1909 theismurn
1890 1864 1912 1908 a
1936 1836 2033 1909 chri-

507 1936 622 2009 stiana
660 1935 827 2009 doctrina
863 1938 1083 2036 postulatum
1118 1952 1298 2033 servaret,
1342 1938 1400 2012 sin
1435 1937 1544 2016 etiam
1578 1939 1743 2012 nondum
1779 1953 1921 2037 aptam,
1961 1964 2035 2036 qua

506 2038 704 2112 christiana
728 2038 820 2112 fides
846 2040 1116 2114 accuratissime
1149 2040 1431 2139 exprimeretur,
1466 2040 1664 2115 invenisset
1693 2041 1892 2114 notionem.
1954 2038 2034 2112 Etsi

505 2141 604 2215 enim
627 2141 879 2240 pantheismus
912 2142 960 2215 ad
993 2142 1187 2216 nonnullas
1212 2141 1351 2216 Justini
1383 2141 1576 2244 opiniones
1608 2142 1653 2216 de
1684 2143 1770 2243 logo
1805 2140 2046 2240 excolendas,

504 2242 578 2317 vim
605 2242 792 2341 quandam
805 2243 991 2324 ,habuisse
1017 2243 1179 2338 videtur,
1207 2245 1281 2317 iam
1308 2270 1352 2319 ex
1380 2271 1453 2344 quo
1480 2266 1564 2318 eum
1590 2247 1758 2344 genuerit
1781 2260 1896 2344 pater,
1918 2241 2031 2343 logon

504 2360 627 2419 tamen
651 2357 749 2418 certo
776 2343 988 2421 discrimine
1014 2374 1036 2420 a
1055 2347 1135 2420 Deo
1163 2373 1307 2420 summo
1330 2346 1614 2424 discernendum
1640 2372 1720 2422 esse
1744 2346 1861 2440 docet,
1884 2344 2035 2420 etaient

505 2447 582 2547 logi
606 2445 795 2546 praedicat
819 2446 1069 2545 divinitatem,
1095 2448 1148 2524 ita
1173 2476 1300 2524 verum
1327 2448 1516 2524 hominem
1544 2474 1627 2522 eum
1653 2449 1692 2521 in
1709 2448 1868 2522 'Christo
1894 2447 2032 2519 factum
2111 2471 2114 2477 ·

506 2576 596 2642 esse,
623 2549 732 2622 etiarn
758 2563 868 2648 atque
893 2552 1002 2625 etiam
1029 2551 1227 2624 contendit

621 2648 730 2739 Quod
755 2678 842 2726 vero
866 2652 915 2726 ad
941 2654 1103 2748 alteram,
1129 2679 1241 2751 quam
1265 2652 1361 2727 inter
1387 2650 1594 2728 Stoicorum
1620 2666 1655 2726 et
1674 2652 1812 2726 destini
1827 2650 2033 2725 doctrinam

505 2781 584 2830 esse
610 2751 788 2849 diximus,
815 2754 942 2830 attinet
964 2754 1227 2850 differentiam,
1263 2755 1354 2829 haec
1388 2780 1463 2828 non
1490 2753 1646 2828 minoris
1679 2781 1790 2853 qnam
1824 2754 1939 2827 altera
1969 2752 2034 2824 illa

505 2856 683 2931 momenti
710 2882 788 2932 esse
812 2857 965 2931 videtur.
1020 2856 1141 2948 Quum
1168 2859 1268 2933 enim
1292 2856 1405 2933 Stoici
1438 2856 1590 2930 rationis
1624 2856 1813 2931 seminalis
1844 2855 2033 2929 notionem

505 2960 755 3054 excoluerunt,
783 2986 856 3057 quo
882 2960 1054 3062 physices
1080 2960 1285 3034 doctrinam
1311 2959 1568 3060 explanarent,
1593 2958 1694 3032 illam
1720 2958 1898 3032 rationem
1923 2956 2031 3030 semi-

503 3062 626 3137 nalem
651 3060 825 3135 materiae
851 3062 1023 3137 docentes
1050 3089 1129 3137 esse
1153 3061 1375 3162 principium
1403 3061 1523 3134 varias
1547 3061 1685 3135 forinas
1709 3059 1938 3154 assumentis,
1964 3057 2031 3131 du-

506 3164 623 3238 stinus
648 3163 748 3236 illam
775 3165 955 3238 rationem
979 3179 1019 3237 ut
1046 3163 1205 3239 ethicum
1233 3163 1421 3262 quoddam
1447 3161 1581 3261 accipit
1604 3163 1827 3265 principium
1853 3177 1890 3235 et
1915 3161 2030 3260 logon

504 3266 699 3366 praecipue
731 3282 918 3364 tamqnam
951 3266 1164 3340 hominibus
1195 3264 1417 3340 insidentem
1452 3265 1644 3361 describit,
1677 3264 1730 3337 ita
1757 3282 1798 3337 ut
1819 3290 1865 3337 ex
1890 3262 1968 3337 eius
1992 3261 2031 3334 vi

505 3368 625 3443 ethica
647 3366 828 3465 imprimis
854 3369 1049 3443 hominum
1070 3367 1229 3467 pendeat
1250 3369 1356 3442 r'atio.
1423 3365 1506 3456 Quo
1540 3367 1677 3442 factum
1707 3385 1778 3461 est,
1814 3380 1854 3439 nt
1888 3364 2030 3438 Stoico-

505 3497 585 3543 rum
613 3469 659 3545 de
685 3469 760 3542 fato
794 3470 1000 3548 doctrinam
1035 3471 1180 3569 saepius
1215 3496 1358 3544 summo
1393 3468 1513 3543 studio
1546 3470 1756 3571 impugnet,
1793 3484 1828 3542 et
1862 3465 2029 3540 christia-

505 3598 593 3645 nam
619 3570 818 3646 contrade
843 3573 962 3647 libero
988 3569 1141 3648 arbitrio
1168 3572 1373 3646 doctrinam
1400 3570 1584 3667 defendat,
1612 3597 1686 3672 qua
1711 3570 1807 3646 vitae
1832 3585 1868 3644 et
1893 3566 2030 3669 agendi

504 3675 597 3748 ratio
614 3672 661 3747 ab
680 3673 893 3748 hominibus
911 3675 1124 3775 postulatur.
1179 3672 1304 3764 Quare
1328 3701 1405 3748 nea
1431 3674 1506 3747 fato
1530 3674 1700 3750 homines
1720 3699 1831 3773 agere
1857 3689 1920 3746 aut
1936 3696 2030 3769 quae

503 3776 673 3852 eveniant
699 3774 776 3875 pati
802 3774 989 3871 dicuntur,
1016 3777 1080 3852 sed
1108 3777 1224 3852 libero
1251 3803 1432 3875 quemque
1458 3776 1611 3850 arbitrio
1634 3775 1821 3877 praeclare
1843 3799 1953 3874 agere
1969 3788 2032 3845 aut

503 3903 672 3979 peccare,
711 3904 822 3976 quum
849 3878 950 3954 Deus
975 3880 1022 3952 ab
1048 3878 1153 3953 initio
1179 3879 1336 3953 liberum
1364 3878 1579 3980 angelornm
1607 3892 1644 3952 et
1668 3877 1861 3952 hominurn
1884 3900 2030 3949 creave-
2120 3899 2124 3909 ·

503 3981 550 4054 rit
571 4007 689 4081 genus
702 3983 744 4079 2).
796 3980 920 4055 Homo
942 3981 1056 4082 igitur
1081 4006 1163 4054 cum
1189 3983 1277 4080 logo
1304 3981 1374 4055 sibi
1402 3980 1512 4054 insito
1537 3980 1660 4055 vivere
1679 3994 1715 4054 et
1740 3978 1779 4052 in
1796 3978 1860 4052 tali
1881 3975 2030 4051 vivendi

504 4084 644 4157 ratione
671 4082 902 4158 Christianus
925 4111 1005 4158 esse
1029 4098 1167 4184 potest,
1197 4084 1340 4157 etiamsi
1356 4097 1439 4157 ante
1460 4081 1600 4157 Christi
1620 4080 1816 4162 adventum
1839 4079 2030 4178 vixerit³);

504 4185 561 4258 eui
589 4185 674 4285 logo
702 4185 732 4257 si
760 4185 910 4281 resistit,
939 4188 1069 4261 merito
1096 4213 1163 4285 pro
1191 4184 1333 4259 delictis
1357 4185 1431 4258 suis
1459 4183 1679 4284 supplicium
1705 4183 1743 4256 in
1770 4198 1919 4257 aeterno
1944 4182 2030 4281 igne

504 4287 721 4385 reportabit,
759 4287 822 4385 qui
857 4315 930 4362 una
966 4313 1048 4361 eum
1086 4288 1196 4362 totius
1236 4287 1366 4361 mundi
1403 4285 1690 4387 conflagratione
1731 4287 1874 4359 futurus
1910 4301 1964 4356 est
1986 4284 2027 4379 4).

504 4388 605 4462 Haec
640 4415 726 4462 vero
757 4388 1015 4490 conflagratio,
1052 4416 1161 4488 quam
1196 4389 1398 4465 secundum
1434 4388 1673 4462 christianam
1710 4385 1915 4463 doctrinam
1950 4386 2030 4457 fore

502 4491 591 4563 dicit
623 4489 807 4587 Justinus,
847 4519 933 4567 non·
966 4492 1048 4565 talis
1084 4493 1202 4591 qualis
1232 4492 1296 4565 illa
1333 4492 1538 4565 Stoicorum
1581 4490 1674 4563 ratio
1712 4490 1851 4563 scilicet
1882 4500 2031 4561 mutuae

668 4746 810 4807 Duneksr
840 4746 1024 4822 Logeslebre
1048 4766 1076 4823 p.
1101 4750 1150 4807 35).
1197 4746 1345 4824 Apologg.
1368 4757 1423 4805 ete.
1448 4744 1471 4815 l,
1495 4765 1523 4824 p.
1549 4748 1587 4803 12
1611 4764 1675 4823 sqq.

668 4833 757 4911 Apol.
780 4834 819 4902 ll,
842 4855 867 4892 e.
892 4836 909 4892 7
933 4853 962 4912 p.
986 4834 1026 4893 45
1041 4832 1077 4892 D.
