5034 6084
1191 644 1238 717 60

448 835 655 937 perspicere
680 846 854 932 nequeat,
889 832 1022 906 multos
1050 831 1138 905 deos
1174 830 1370 906 effinxerit:
1407 828 1542 904 talibus
1565 832 1708 931 placitis
1730 861 1753 907 a
1778 835 1981 911 christiana

448 938 521 1013 fide
547 937 729 1038 postulata
755 935 903 1035 quidem
939 933 1004 1009 sed
1040 933 1088 1007 ad
1118 946 1232 1006 totum
1267 948 1428 1032 systema
1460 959 1694 1033 nequaquam
1728 936 1901 1037 adaptata
1921 938 1979 1012 in-

449 1040 655 1114 constantia
681 1039 801 1112 inesse
828 1037 938 1111 nobis
960 1035 1121 1132 videtur3
1147 1036 1261 1108 immo
1289 1061 1375 1109 vero
1401 1034 1492 1107 alibi
1517 1063 1700 1136 nusquam
1728 1039 1906 1113 Tatianus
1932 1040 1980 1115 ad

448 1143 516 1217 has
543 1168 636 1240 quae
662 1152 813 1214 manent
839 1139 987 1240 spiritus
1013 1137 1162 1238 respicit
1183 1136 1399 1238 particulae,
1434 1163 1553 1234 neque
1584 1140 1761 1213 naturalis
1785 1141 1980 1215 hominurn

450 1244 603 1337 indolis,
632 1269 705 1341 qua
731 1242 775 1315 ad
801 1241 1085 1315 familiaritatem
1113 1239 1277 1313 divinam
1303 1238 1429 1313 idonei
1450 1239 1540 1336 sint,
1567 1268 1732 1341 quaeque
1757 1242 1882 1344 imago
1910 1244 1980 1321 Dei

449 1347 560 1446 vulgo
589 1345 685 1418 dicta
706 1345 813 1419 etiam
840 1343 1019 1443 inlapsis
1045 1342 1276 1437 remanserit,
1302 1340 1527 1416 mentionem
1553 1344 1651 1417 facit.
1704 1344 1800 1419 Nam
1818 1345 1978 1441 libertas

450 1475 560 1547 quam
587 1474 633 1521 ne
657 1446 761 1546 lapso
789 1445 937 1545 quidem
962 1444 1106 1518 homini
1128 1442 1304 1543 denegari
1326 1469 1435 1542 posse
1461 1444 1653 1541 existimat,
1681 1447 1826 1522 animae
1853 1447 1981 1523 inhae—

449 1566 521 1645 ret;
550 1548 714 1623 divinam
739 1574 826 1623 vero
851 1547 1053 1648 imaginem
1079 1545 1118 1618 in
1145 1545 1418 1619 immortalitate
1444 1572 1524 1619 esse
1550 1548 1818 1646 quaerendam,
1846 1550 1982 1649 apertis

448 1650 571 1727 verbis
599 1651 715 1724 docet.
769 1649 1007 1739 Quinetiam
1038 1674 1149 1723 omne
1186 1646 1284 1746 quod
1318 1647 1413 1721 inter
1443 1674 1600 1751 regnum
1638 1651 1792 1727 coeleste
1824 1665 1859 1726 et
1885 1652 1982 1725 hanc

402 1806 405 1814 -
449 1768 582 1828 terram
608 1780 688 1827 esse
712 1753 845 1827 fatetur
871 1749 1153 1846 commercium,
1179 1748 1330 1822 nonnisi
1355 1748 1396 1822 in
1421 1776 1464 1823 eo
1490 1751 1650 1850 positum
1677 1768 1752 1848 est,
1781 1753 1881 1851 quod
1907 1754 1981 1853 spi-

449 1856 539 1929 ritus
567 1855 748 1955 superior,
784 1881 856 1953 quo
883 1880 941 1929 res
968 1852 1112 1927 divinas
1139 1877 1222 1925 cum
1249 1852 1411 1924 humano
1437 1879 1573 1952 genere
1599 1856 1871 1930 communicare
1924 1882 1982 1929 os-

451 1957 514 2053 sit,
538 1982 620 2031 cum
646 1956 835 2031 nonnullis
863 1982 942 2030 sese
968 1954 1168 2054 coniungat
1195 1952 1427 2050 hominibus3
1460 1954 1630 2031 homines
1664 1956 1790 2031 divina
1821 1883 1980 2056 quadarn

450 2060 654 2134 eruditione
677 2057 827 2134 educari
852 2084 874 2130 a
901 2057 980 2131 Deo
1008 2083 1172 2155 -quae
1199 2055 1397 2151 sententia,
1431 2083 1547 2155 eaque
1568 2057 1833 2133 fecundissima
1859 2074 1895 2134 et
1922 2084 1982 2132 co-

449 2161 678 2261 piosissima,
715 2161 788 2233 iarn
815 2159 912 2234 inter
936 2159 1029 2233 alios
1055 2172 1132 2232 tum
1158 2158 1334 2256 temporis
1360 2156 1528 2233 doctores
1553 2160 1726 2237 ecclesiae
1750 2175 1889 2235 tantam
1917 2162 1982 2234 ha-

450 2265 512 2340 bet
538 2263 612 2336 vim
639 2308 688 2317 —
713 2288 895 2361 nusquam
921 2261 1077 2358 indicat3
1100 2286 1282 2358 nusquam
1310 2259 1465 2335 devera
1489 2261 1717 2337 interDeum
1731 2263 1983 2362 mundumque

451 2392 516 2466 per
543 2364 731 2438 Christum
755 2365 853 2440 facta
878 2363 1174 2438 reconciliatione
1201 2361 1358 2436 disserit.
1412 2360 1544 2451 Quid?
1567 2391 1680 2462 quum
1696 2364 1873 2439 Tatianus
1900 2390 1982 2441 coe-

450 2470 526 2541 lurn
550 2466 802 2565 mundumque
831 2482 961 2539 natura
987 2493 1053 2540 sua
1088 2490 1238 2565 prorsus
1265 2463 1510 2562 discrepantia
1534 2466 1629 2540 inter
1664 2494 1701 2541 se
1736 2480 1771 2542 et
1800 2468 1985 2541 contraria

451 2596 530 2645 esse
551 2569 654 2664 velit,
683 2595 795 2667 quum
821 2568 916 2642 inter
942 2595 1005 2642 eos
1032 2568 1095 2665 qui
1117 2566 1234 2640 divini
1262 2565 1409 2665 spiritus
1434 2567 1630 2668 participes
1656 2568 1743 2643 facti
1759 2568 1832 2642 sint
1848 2570 1984 2668 quique

451 2699 494 2746 eo
530 2686 695 2764 careant,
736 2671 913 2745 acerrime
938 2669 1149 2769 distinguat,
1175 2694 1300 2742 nonne
1326 2667 1409 2740 talis
1436 2668 1620 2744 distinctio
1647 2671 1834 2744 simillima
1859 2688 1913 2745 est
1939 2671 1984 2766 ei,

452 2799 564 2872 quarn
588 2772 687 2873 apud
714 2771 911 2846 Gnosticos
936 2771 1111 2872 legimus,
1148 2770 1211 2870 qui
1237 2770 1376 2843 nullam
1403 2797 1481 2845 esse
1508 2771 1715 2847 statuebant
1740 2772 1835 2849 inter
1862 2773 1983 2848 homi-

451 2902 517 2949 nes
541 2875 745 2975 spirituales
768 2890 803 2949 et
828 2874 1022 2974 psychicos
1049 2871 1354 2947 similitudinem?

560 2978 594 3050 A
618 2976 751 3075 quibus
774 2976 922 3050 'Fatiani
949 2976 1144 3070 doctrinis,
1172 3002 1217 3049 ex
1243 2973 1389 3048 ethnico
1417 2973 1598 3050 dualismo
1625 2976 1881 3075 pendentibus,
1910 2977 1985 3051 dis-

452 3079 561 3155 sentit
588 3079 815 3178 Theophilus
842 3078 956 3179 (quod
983 3077 1179 3177 disciplina
1202 3077 1280 3151 eius
1302 3078 1429 3176 paucis
1454 3078 1619 3178 exposita
1633 3078 1741 3153 facile
1766 3077 1983 3179 apparebit),

454 3207 562 3281 quem
588 3208 610 3255 a
637 3180 824 3255 sententiis
851 3193 1053 3254 ceterorum
1081 3179 1377 3279 apologetarum,
1410 3178 1610 3253 christiana
1644 3179 1717 3255 fide
1752 3180 1917 3276 ductum,
1944 3181 1984 3254 in

453 3283 654 3358 excolenda
678 3283 742 3355 illa
767 3282 813 3357 de
838 3282 969 3355 mundi
994 3286 1177 3356 creatione
1203 3280 1387 3375 doctrina,
1425 3281 1633 3380 discrepare
1657 3280 1827 3356 vidimus.
1879 3283 1985 3357 Libri

454 3386 531 3459 eius
558 3385 626 3458 etsi
646 3384 769 3458 minus
789 3384 1045 3484 philosophico
1073 3382 1253 3458 excellunt
1286 3383 1438 3482 ingenio
1465 3398 1501 3457 et
1531 3383 1703 3481 antiquae
1729 3385 1986 3485 philosophiae

451 3487 613 3586 perfecta
638 3485 860 3580 eruditione,
891 3513 967 3559 uon
999 3500 1123 3560 tamen
1157 3483 1405 3583 Theophilum
1442 3484 1481 3557 in
1516 3485 1685 3559 doctrina
1718 3513 1783 3560 sua
1817 3486 1986 3561 subtilius

452 3587 653 3664 excolenda
674 3602 709 3663 et
735 3588 883 3664 uberius
910 3587 1126 3664 disserenda
1156 3587 1295 3659 nullam
1328 3586 1480 3660 omnino
1511 3587 1729 3687 placitorum
1755 3588 1985 3689 philosophi·

453 3717 580 3764 corum
606 3706 682 3764 tum
714 3690 825 3790 longe
857 3691 1001 3788 lateque
1037 3689 1252 3763 diffusorum
1292 3689 1472 3763 rationem
1504 3688 1678 3764 habuisse
1714 3690 1986 3787 contendentes,

452 3806 591 3869 rectum
619 3818 863 3889 sequeremur.
906 3792 1001 3865 Nam
1026 3818 1071 3867 ex
1096 3790 1285 3865 nonnullis
1312 3817 1403 3888 quas
1426 3790 1564 3890 passim
1587 3793 1777 3891 profitetur
1798 3792 1987 3867 sententiis

453 3894 671 3969 concludere
696 3920 902 3994 possumus,
928 3893 1028 3992 quod
1052 3892 1319 3993 philosophicis
1344 3892 1582 3991 opinionibus
1609 3893 1828 3992 quibuscum
1853 3895 1986 3970 verita-
2100 3983 2103 3988 1

452 4011 525 4072 tem
552 3996 727 4071 divinitus
753 3996 950 4072 revelatam
976 3994 1182 4091 coniunxit,
1218 4008 1258 4068 ut
1287 3995 1384 4069 hanc
1419 4021 1465 4069 ex
1499 3993 1573 4068 illis
1607 3996 1729 4096 magis
1754 3996 1986 4096 perspicuam

452 4098 606 4173 reddere
633 4112 841 4195 conaretur,
877 4099 997 4174 lucem
1032 4097 1168 4172 afferet.
1228 4094 1330 4171 Sicut
1354 4097 1453 4171 enim
1479 4096 1578 4194 quod
1602 4096 1650 4170 ad
1677 4097 1883 4172 doctrinam
1909 4099 1987 4174 eius

454 4201 499 4276 de
523 4202 609 4301 logo
637 4200 829 4296 attinebat,
856 4200 897 4274 in
922 4200 1085 4275 maxima
1108 4225 1148 4273 re
1171 4222 1254 4271 cum
1278 4199 1407 4274 ceteris
1433 4198 1637 4299 apologetis
1664 4226 1748 4274 eum
1778 4200 1986 4276 consentire

452 4303 633 4395 vidimus,
678 4302 772 4377 aliae
803 4317 992 4403 praeterea
1028 4299 1285 4375 similitudines
1318 4313 1354 4376 et
1387 4326 1471 4374 cum
1496 4299 1633 4375 Justini
1668 4315 1810 4375 etcum
1838 4302 1987 4376 Tatiani

451 4405 594 4504 placitis
628 4405 878 4504 reperiuntur,
913 4404 978 4478 ubi
1008 4404 1054 4479 de
1086 4402 1226 4477 mundo
1260 4416 1296 4477 et
1330 4403 1377 4478 de
1408 4403 1559 4478 homine
1592 4401 1762 4503 disputat.
1823 4403 1885 4477 Sic
1922 4404 1987 4477 ubi

451 4505 627 4581 biblicam
655 4507 701 4581 de
727 4506 911 4581 creatione
936 4505 1067 4592 mundi
1092 4503 1343 4579 narrationem
1366 4505 1568 4605 explanans
1589 4504 1694 4579 dicit:
1731 4512 1800 4600 γῆν
1826 4505 1863 4577 δὲ
1888 4509 1986 4600 λέγει

453 4606 489 4703 (ό
517 4615 712 4708 accerime)
739 4606 894 4702 όονόμει
919 4609 1051 4701 ἔδαφος
1075 4618 1137 4681 καὶ
1172 4608 1366 4699 θεμέλιον,
1400 4608 1558 4701 ἄβυσσον
1592 4608 1629 4681 δὲ
1655 4614 1718 4702 τὴν
1743 4608 1890 4701 πληθὺν
1914 4615 1986 4681 τών

456 4710 616 4785 όόοέτων·
642 4721 702 4786 καὶ
730 4718 854 4794 σκότος
881 4714 942 4785 διὰ
967 4717 1027 4784 τὸν
1053 4709 1218 4806 οὐρανὸν,
1245 4716 1420 4804 γεγονότα
1443 4708 1513 4785 ὑπὸ
1544 4716 1604 4784 τοῦ
1624 4712 1725 4800 θεοῦ,
1750 4710 1985 4785 ἐσκοπεκέναι
2054 4775 2058 4784 .

452 4819 625 4913 καθάπερ
653 4817 688 4889 εἰ
708 4821 824 4908 πῶμα
851 4821 894 4887 τὰ
921 4812 1031 4887 iidata
1057 4819 1121 4887 σὺν
1146 4819 1187 4910 τῇ
1213 4820 1279 4909 γῇ·
1307 4820 1449 4907 πνεῦμα
1471 4814 1508 4886 δὲ
1525 4819 1562 4886 τό
1582 4814 1845 4912 ἐπιφερόμενον
1860 4815 1983 4888 ἐπάνω

453 4924 513 4991 τοῦ
538 4916 681 5007 ὕδατος,
708 4918 730 4991 ὃ
751 4918 885 4991 ἔδωκεν
912 4915 931 4990 ό
960 4920 1048 4998 θεὸς
1074 4919 1124 4990 εἰ·
1145 4922 1366 5011 ζωογόνησιν
1390 4923 1432 5014 τῇ
1455 4929 1563 4989 κτίσει
1587 4917 1762 5016 καθάπερ
1788 4914 1983 5017 ἀνθρώπῳ

454 5028 583 5116 ψυχήν,
616 5029 666 5121 τῴ
697 5024 817 5119 λεπτῷ
853 5027 891 5094 τὸ
923 5025 1052 5095 λεπτόν
1087 5026 1320 5116 συγκεράσας.
1363 5026 1401 5093 τὸ
1436 5025 1508 5116 γὰρ
1537 5025 1679 5112 πνεῦμα
1706 5011 1837 5094 λεπτόν
1860 5011 1987 5093 aol'rb
