5034 6084
1249 633 1295 704 19

500 832 731 928 Christianis,
757 848 792 908 et
817 834 953 908 librum
978 833 1023 907 dc
1047 833 1312 908 resurrectione
1338 849 1577 929 mortuorum,
1604 833 1803 933 Theophili
1826 833 1942 908 hbros
1958 850 2031 909 tres

499 934 548 1026 ad
573 935 794 1034 Autolycum
825 981 868 991 -
906 936 954 1010 ad
990 962 1083 1035 quae
1121 934 1256 1035 scripta
1288 935 1642 1051 praestantissimum
1677 935 1768 1009 illud
1808 936 2029 1010 christianae

498 1036 724 1135 antiquitatis
751 1056 1029 1113 monumentum
1056 1036 1206 1133 accedit,
1234 1036 1439 1137 Ep1stolam
1466 1036 1549 1122 dico
1574 1037 1623 1111 ad
1646 1037 1891 1139 Diognetum,
1927 1038 2029 1113 cuius

498 1152 625 1212 auctor
651 1139 718 1214 etsi
744 1167 820 1214 non
848 1141 978 1215 eadem
1003 1139 1271 1239 philosophica,
1300 1165 1372 1237 qua
1396 1140 1507 1214 ceteri
1525 1158 1648 1239 patres
1676 1140 1874 1215 subtilitate
1896 1156 2027 1235 utatur,

497 1239 684 1341 insignem
711 1241 1005 1317 Christianorum
1033 1256 1068 1316 et
1092 1241 1208 1314 animi
1234 1240 1432 1315 candorem
1458 1260 1494 1316 et
1523 1242 1618 1316 vitae
1651 1242 1896 1343 integritatem
1922 1243 2029 1343 gravi

499 1342 665 1419 oratione
690 1344 923 1443 praedicans,
963 1372 1040 1419 non
1066 1342 1167 1417 omni
1188 1343 1445 1442 philosophico
1472 1344 1593 1417 colore
1619 1358 1727 1418 caret.

600 1444 745 1544 Itaque,
784 1462 824 1520 ut
851 1474 959 1546 quam
988 1446 1086 1520 viam
1118 1444 1246 1519 inituri
1272 1445 1386 1518 simus
1413 1445 1538 1544 paucis
1563 1445 1786 1545 indicemus,
1830 1446 2026 1546 disputatio

498 1562 623 1620 nostra
649 1549 810 1647 primum
837 1548 1094 1649 philosophiae
1125 1546 1164 1619 in
1200 1546 1378 1621 doctrinis
1414 1546 1460 1622 de
1486 1547 1566 1623 Deo
1593 1547 1641 1620 ad
1667 1562 1782 1623 artem
1809 1548 2026 1623 revocandis

496 1646 572 1720 vim
598 1663 707 1748 atque
733 1651 984 1726 auctoritatem
1015 1648 1229 1750 explicabit,
1264 1647 1491 1723 diiudicabit.
1560 1647 1663 1739 Quae
1698 1650 1887 1725 doctrinae
1914 1678 2026 1750 quum

496 1749 618 1824 minus
645 1750 841 1853 diligenter
868 1766 903 1827 et
929 1768 1096 1827 accurate
1122 1778 1144 1825 a
1165 1751 1295 1851 primis
1315 1751 1489 1826 ecclesiae
1511 1750 1723 1826 doctoribus
1743 1752 1816 1825 sint
1840 1753 2025 1853 expositae

496 1850 535 1923 in
564 1872 831 1954 campartem,
868 1881 941 1953 qua
979 1853 1147 1929 docenda
1173 1869 1294 1949 erant,
1337 1852 1436 1951 quod
1462 1880 1528 1953 per
1561 1881 1599 1928 se
1632 1854 1679 1927 sit
1704 1854 1835 1928 divina
1856 1855 2024 1950 essentia,

496 1954 536 2027 in
563 1981 644 2029 eam
669 1983 774 2052 vero,
817 1984 889 2055 qua
916 1956 1082 2031 docenda
1109 1970 1231 2051 erant,
1278 1954 1465 2053 quomodo
1490 1957 1554 2029 fiat
1579 1956 1769 2051 revelatio,
1805 1983 1847 2030 eo
1874 1958 2024 2057 gravius

496 2057 754 2155 occupaverint
779 2059 939 2159 ingenia,
968 2086 1087 2158 neque
1112 2085 1262 2159 prorsus
1283 2056 1440 2157 intelligi
1458 2058 1610 2158 possint,
1637 2058 1711 2131 nisi
1731 2058 1841 2132 allata
1859 2058 1905 2133 de
1923 2065 2024 2159 λόγῳ

495 2157 681 2255 doctrina,
718 2187 804 2235 mox
825 2162 1028 2236 accuratius
1056 2161 1251 2262 explanare
1278 2158 1504 2254 conabimur,
1533 2186 1731 2258 quamnam
1753 2160 1827 2234 vim
1854 2160 1902 2234 ad
1929 2162 2026 2239 hanc

496 2259 702 2334 doctrinam
735 2263 973 2338 excolendam
1006 2262 1178 2338 habuerit
1210 2261 1362 2360 antiqua
1395 2249 1648 2362 philosophia:
1685 2263 1723 2336 in
1752 2289 1824 2361 qua
1857 2262 2025 2339 doctrina

496 2387 678 2437 summam
704 2378 739 2439 et
764 2364 1043 2441 fundamentum
1069 2366 1179 2439 totius
1210 2363 1468 2464 philosophiae
1499 2378 1535 2438 et
1566 2364 1774 2465 theologiae
1809 2364 1906 2439 illius
1933 2381 2023 2440 tern-

496 2465 597 2563 pon‘s
625 2492 768 2541 summo
795 2467 875 2543 iure
901 2468 1019 2565 cerni,
1055 2467 1240 2543 neminem
1266 2465 1403 2539 infitias
1429 2466 1562 2539 iturum
1591 2493 1670 2541 esse
1695 2467 1864 2541 arbitror.
1916 2467 2025 2544 Hanc

496 2592 583 2640 vero
615 2567 822 2643 doctrinam
855 2570 1070 2670 perscrutati
1108 2568 1326 2643 adducimur
1365 2567 1417 2653 ad,
1448 2568 1724 2669 apologetarum
1759 2569 1943 2644 doctrinas
1979 2571 2024 2647 de

496 2667 635 2743 mundo
663 2684 698 2744 et
727 2671 772 2746 de
800 2671 966 2767 homine,
1000 2673 1046 2748 de
1073 2672 1175 2746 cuius
1201 2685 1354 2744 naturae
1381 2670 1522 2744 ratione
1549 2672 1812 2746 accuratiorem
1840 2674 2022 2773 quaestio-

495 2796 580 2845 nem
608 2772 857 2868 instituamus,
887 2799 1035 2849 necesse
1060 2788 1124 2849 est.
1186 2773 1339 2848 Ceterae
1363 2771 1551 2847 doetrinae
1577 2771 1623 2846 de
1649 2773 1791 2873 angelis
1817 2789 1852 2849 et
1875 2773 2023 2850 daemo-

494 2872 615 2968 nibus,
642 2873 688 2947 de
709 2874 950 2974 inspiratione
976 2890 1010 2950 et
1034 2876 1079 2950 de
1098 2875 1368 2949 immortalitate
1389 2874 1544 2969 animae,
1568 2901 1662 2971 quae
1688 2875 1738 2948 ita
1764 2890 1803 2949 ut
1825 2876 2024 2953 inveniun-

493 2987 563 3069 tur,
591 2990 788 3075 conceptae
814 3003 890 3049 non
917 2977 1180 3078 intelliguntur,
1208 2976 1282 3049 nisi
1308 2975 1344 3049 vi
1371 2990 1479 3073 atque
1506 2977 1719 3051 auctoritate
1742 2978 1915 3077 antiquae
1939 2981 2023 3079 phi-

494 3076 684 3177 losophiae
709 3102 901 3174 concessa,
926 3079 1034 3155 facile
1058 3106 1141 3154 curn
1167 3079 1213 3152 iis
1241 3104 1332 3177 quas
1360 3077 1519 3151 diximus
1546 3078 1722 3178 coniungi
1748 3094 1928 3179 poterunt.

597 3177 646 3253 Ut
680 3179 718 3252 in
748 3182 1055 3281 contemplatione
1091 3180 1239 3256 divinae
1271 3180 1466 3275 essentiae,
1506 3180 1624 3276 qualis
1659 3208 1725 3280 per
1758 3209 1797 3256 se
1832 3182 1878 3256 sit
1915 3198 1950 3258 et
1983 3184 2022 3259 in

493 3279 672 3379 doctrina,
700 3283 818 3382 qualis
841 3298 895 3357 est
920 3284 966 3359 de
992 3284 1072 3359 Deo
1096 3285 1246 3383 eiusque
1272 3282 1465 3377 attributis,
1493 3281 1653 3357 studium
1676 3284 1906 3380 collocarent,
1933 3313 2022 3385 apo-

492 3382 623 3484 logetis
651 3385 764 3459 seculi
789 3386 941 3460 secundi
966 3386 1132 3461 nondum
1163 3386 1248 3460 data
1276 3398 1353 3460 erat
1378 3384 1532 3459 occasio.
1594 3384 1714 3459 Deum
1737 3412 1832 3481 esse,
1872 3414 2022 3486 persua-

493 3485 680 3559 sissimum
706 3486 751 3560 iis
778 3502 871 3562 erat:
899 3516 986 3561 narn
1013 3490 1092 3587 ipse
1118 3488 1157 3562 in
1176 3502 1296 3563 vetere
1317 3486 1550 3560 Testamento
1575 3486 1789 3561 hominibus
1816 3516 1895 3564 sese
1920 3517 2022 3566 reve-

491 3586 647 3682 laverat,
681 3616 747 3688 per
778 3589 975 3688 prophetas
1002 3592 1143 3664 locutus
1176 3602 1254 3665 erat
1280 3589 1378 3663 etin
1406 3588 1554 3662 Christo
1580 3588 1803 3663 voluntatem
1838 3618 1942 3665 suam
1974 3593 2022 3666 ad

491 3688 684 3762 hominum
710 3690 863 3765 salutem
890 3707 1113 3790 spectantem
1138 3689 1401 3792 perfectissime
1433 3690 1745 3786 manifestaverat,
1782 3692 1869 3791 quin
1897 3711 1932 3768 et
1957 3723 2021 3794 pa-

491 3790 581 3892 gani
617 3818 692 3864 non
719 3792 830 3866 modo
857 3792 983 3867 divina
1009 3796 1164 3868 numina
1193 3790 1462 3895 agnoscebant,
1494 3820 1620 3867 verum
1653 3795 1762 3867 etiam
1796 3795 1856 3892 pie
1892 3822 1935 3870 ea
1962 3821 2022 3869 co-

492 3893 603 3968 lenda
638 3921 718 3968 esse
754 3894 1013 3970 existimabant
1046 3942 1096 3952 —-
1131 3896 1220 3995 quid
1250 3894 1475 3995 argumentis
1511 3894 1582 3969 Dei
1619 3894 1846 3969 existentiam
1883 3899 2022 3972 firmari

491 3995 710 4095 oportebat?
769 3995 958 4071 Interdum
986 3997 1135 4096 quidem
1172 4013 1255 4072 sunt
1286 3996 1349 4095 qui
1375 3995 1423 4069 ad
1449 3996 1570 4072 ideam
1597 3996 1667 4070 Dei
1693 3995 1905 4071 hominibus
1930 3998 2020 4073 insi-

490 4112 567 4171 tam
601 4111 636 4171 et
669 4098 834 4172 innatam
868 4097 1038 4200 delegent
1050 4100 1097 4201 1),
1135 4115 1196 4174 aut
1226 4127 1271 4174 ex
1304 4097 1476 4198 operibus
1513 4111 1547 4171 et
1580 4124 1674 4196 quae
1708 4097 1854 4198 singula
1877 4100 2021 4178 ordinet

490 4199 730 4302 providentia,
757 4200 877 4275 Deum
904 4204 1079 4301 cognosci
1105 4216 1140 4277 et
1161 4202 1277 4277 intelli
1306 4200 1319 4272 i
1345 4200 1468 4273 dicant
1479 4200 1510 4298 2)
1536 4244 1587 4255 -
1611 4213 1648 4272 at
1670 4200 1761 4273 tales
1787 4219 1937 4276 conatus
1964 4205 2019 4278 di-

489 4302 613 4376 vinam
642 4301 837 4377 essentiam
863 4302 1077 4379 notionibus
1109 4229 1334 4399 illustrandi,
1372 4301 1520 4375 nonnisi
1549 4301 1693 4375 occasio
1725 4302 1834 4376 fuerit
1865 4303 1904 4377 in
1930 4333 2018 4407 apo-

600 4501 631 4575 1)
657 4498 693 4557 cf.
716 4498 797 4558 Just.
822 4499 911 4577 Apol.
935 4499 978 4572 11,
1002 4520 1026 4557 c.
1045 4504 1072 4571 6,
1096 4520 1126 4578 p.
1141 4502 1182 4557 44
1207 4500 1242 4557 Ε.

597 4588 631 4666 2)
654 4580 793 4663 Theoph.
816 4586 854 4643 ad
870 4587 972 4644 Autol.
989 4587 1014 4659 l,
1031 4589 1066 4645 5:
1092 4585 1230 4662 καθάπερ
1253 4580 1312 4660 γάρ
1336 4581 1410 4662 ψυχὴ
1433 4580 1464 4643 ἓν
1486 4582 1642 4661 ἀνθρώπῳ
1666 4578 1700 4641 οὗ
1722 4584 1867 4659 βλέπεται,
1891 4581 2017 4661 ἀόρατος

493 4670 566 4735 οὖσα
589 4672 780 4751 ἀνθρώποις,
814 4669 865 4732 διὰ
888 4669 920 4732 δέ
943 4676 987 4747 τῆς
1006 4672 1143 4748 κινήσεως
1165 4676 1213 4731 τοῦ
1237 4670 1374 4747 σωμαιος
1405 4675 1511 4730 νοεῖται
1535 4669 1550 4745 ᾗ·
1575 4668 1672 4750 ψυχή·
1704 4670 1795 4742 οὕτως
1820 4671 1881 4751 ἔχοι
1910 4672 1947 4730 ιλν
1968 4682 2017 4733 καὶ

492 4759 542 4820 τὸν
563 4760 638 4821 θεὸν
659 4758 700 4836 μὴ
723 4757 873 4820 δύνασθαι
896 4757 1046 4837 ὁραθῆναι
1068 4758 1125 4819 ὑπὸ
1150 4756 1322 4840 ὀφθαλμῶν
1349 4753 1548 4835 ἀνθρωπίνων
1553 4800 1565 4827 ,
1598 4753 1648 4815 διὰ
1679 4753 1711 4816 di
1737 4759 1783 4832 τῆς
1805 4767 1946 4836 προνοίας
1967 4767 2017 4820 καλ

491 4850 547 4908 τῶν
570 4846 662 4925 ἔργων
684 4843 771 4907 αὐτοῦ
793 4847 928 4923 βλέπεται
950 4851 998 4904 καὶ
1021 4850 1127 4907 νοεῖται
1149 4847 1208 4905 κτλ.
1252 4842 1402 4918 Athenag.
1427 4843 1531 4922 Suppl.
1554 4843 1612 4901 cd
1635 4840 1682 4900 cd.
1706 4841 1861 4906 Onaso
1884 4846 2018 4906 chor.

491 4934 560 4992 Tat.
584 4934 635 4993 Or.
658 4932 695 4991 ad
721 4932 828 4993 Graec.
850 4934 909 4990 c.4
932 4952 959 5009 p.
974 4934 1034 4990 144
1056 4932 1101 4990 D:
1125 4936 1223 4992 τοῦτον
1246 4928 1310 5008 (τὸν
1332 4929 1421 5008 θεόν)
1446 4927 1496 4990 διὰ
1519 4933 1565 5004 τῆς
1587 4927 1732 5004 ποιήσεως
1754 4927 1841 4992 uiroc
1863 4934 1947 5010 ἴσμεν
1968 4940 2017 4993 καὶ

490 5025 536 5094 τῆς
560 5017 713 5097 δυνάμεως
737 5016 824 5084 (ιῦτοῦ
847 5016 877 5079 τὸ
901 5015 1029 5098 ἀόρατον
1051 5022 1110 5090 τοῖς
1132 5018 1277 5093 ποιήμασι
1298 5016 1603 5093 καταλαμβανόμεθα.

1721 5125 1774 5200 3*
