5034 6084
618 1745 706 1873 Res
742 1791 941 1864 christiana
974 1790 1038 1865 illo
1081 1806 1246 1890 tempore
1284 1816 1357 1907 quo
1393 1789 1582 1964 ppullatim
1617 1816 1780 1867 erescere
1810 1791 2030 1891 longiusque

502 1892 677 1995 progredi
712 1892 849 1992 coepit,
884 1919 907 1966 a
938 1892 1026 1966 viris
1062 1892 1344 1992 simplicissimrs
1378 1916 1401 1965 a
1429 1918 1518 1990 sque
1552 1893 1756 1970 eruditione
1789 1894 1916 1968 aetatis
1942 1921 2028 1970 suae

501 1997 623 2070 minus
650 1995 788 2070 affectis
814 1994 872 2069 vel
894 2020 1045 2094 prorsus
1068 1995 1208 2091 alienis,
1236 2022 1259 2069 a
1280 1992 1524 2093 piscatoribus
1550 1994 1634 2070 dico
1661 2010 1696 2072 et
1705 1993 1943 2096 portitoribus
1957 2011 2027 2071 ter-

501 2124 624 2171 rarum
652 2097 734 2172 orbi
761 2096 1002 2190 deferebatur,
1030 2111 1070 2170 ut
1095 2124 1223 2172 omnes
1250 2096 1371 2171 statim
1395 2094 1442 2168 ab
1469 2096 1574 2171 initio
1591 2110 1865 2198 cognoscerent,
1893 2124 1956 2172 eos
1971 2099 2027 2171 in·

500 2199 624 2275 dolem
665 2199 926 2273 christianismi
961 2225 1037 2272 non
1075 2198 1162 2272 satis
1193 2198 1419 2299 perspicere,
1453 2198 1517 2296 qui
1544 2226 1624 2273 eam
1647 2200 1701 2273 nil
1726 2199 1799 2273 nisi
1824 2198 2028 2273 doctrinam

441 2317 448 2334 '
498 2327 579 2377 esse
605 2317 742 2402 putent,
770 2326 862 2400 quae
888 2301 937 2374 ad
963 2316 1099 2376 certam
1127 2300 1327 2400 quamdam
1352 2298 1448 2373 vitae
1474 2298 1664 2401 degendae
1686 2301 1864 2376 rationem
1881 2316 2027 2401 spectet,

499 2402 573 2497 sed,
602 2430 714 2502 quum
747 2403 822 2477 vita
847 2403 967 2503 potius
993 2404 1180 2501 virtusque
1206 2402 1276 2478 Dei
1302 2402 1535 2502 evangelium
1562 2403 1625 2498 sit,
1659 2403 1699 2478 id
1725 2404 1760 2478 ei
1786 2430 1866 2479 esse
1892 2429 2026 2503 propo-

496 2505 624 2601 situm,
660 2521 700 2579 ut
723 2505 871 2607 generis
894 2505 1048 2579 humani
1076 2518 1112 2579 et
1136 2505 1387 2605 cognitionem
1414 2518 1449 2577 et
1470 2504 1694 2580 voluntatem
1718 2531 1869 2606 prorsus
1894 2504 2026 2578 immu-

497 2620 557 2682 tet.
610 2607 720 2682 Initio
748 2634 835 2682 sane
862 2607 1016 2683 ecclesia
1041 2606 1241 2681 christiana
1265 2606 1305 2681 id
1330 2605 1562 2706 potissimum
1589 2607 1828 2705 sequebatur,
1857 2605 1956 2705 quod
1978 2607 2027 2681 ad

499 2708 765 2784 institutionem
791 2709 888 2783 vitae
913 2708 1139 2806 communis,
1166 2709 1388 2784 christianae
1411 2707 1525 2782 menti
1551 2709 1811 2805 convenientia,
1837 2722 2025 2808 spectaret

467 2897 477 2914 ι
499 2810 627 2910 Neque
652 2828 727 2885 tam
751 2810 884 2887 eruditi
906 2811 976 2884 viri
1002 2837 1126 2885 veram
1155 2810 1394 2884 christianam
1421 2807 1626 2883 doctrinam
1652 2824 1729 2884 tum
1756 2811 2026 2910 amplecteban-

498 2927 566 3009 tur,
597 2940 710 3012 quam
732 2912 901 2987 homines
926 2912 1027 2987 tenui
1052 2912 1091 2985 in
1121 2938 1161 2987 re
1184 2910 1387 3002 constituti,
1424 2936 1515 3008 quos
1542 2910 1690 3009 quidem
1716 2939 1805 3012 prae
1828 2914 1956 2987 ceteris
1978 2912 2027 2988 ad

498 3041 581 3089 earn
616 3014 891 3115 percipiendam
924 3028 1072 3114 paratos
1105 3039 1185 3088 esse
1218 3038 1369 3088 necesse
1402 3027 1496 3107 erat,
1523 3039 1635 3111 quum
1662 3014 1701 3087 in
1727 3014 2026 3114 philosophando

497 3116 597 3212 deos,
626 3144 717 3215 quos
743 3132 878 3191 temere
904 3116 1115 3212 reiecerunt,
1142 3115 1350 3217 allegoricis
1365 3114 1726 3214 interpretationibus
1744 3116 1931 3191 restituere
1947 3143 2026 3191 non

493 3234 654 3319 possent.
706 3217 782 3292 Eos
807 3232 937 3292 contra
963 3218 1027 3317 qui
1052 3218 1166 3292 literis
1195 3233 1230 3293 et
1253 3216 1431 3291 doctrinis
1458 3217 1591 3291 eruditi
1610 3232 1716 3292 erant
1731 3218 1866 3317 quique
1883 3218 2022 3316 eadem,

452 3316 455 3325 ’
492 3347 587 3420 quae
613 3348 636 3395 a
660 3321 906 3422 polytheismo
929 3320 1075 3395 ethnico
1101 3318 1149 3394 ad
1176 3319 1485 3394 monotheismum
1518 3318 1757 3393 christianum
1783 3320 2025 3422 progrediens

491 3450 515 3497 a
543 3438 619 3499 eret
643 3423 810 3523 populus,
838 3449 862 3495 a
886 3449 924 3497 se
946 3422 1037 3523 ipsis
1063 3424 1138 3496 iam
1163 3438 1244 3497 acta
1270 3447 1350 3496 esse
1376 3419 1564 3520 putabant,
1591 3447 1703 3518 quum
1729 3448 1752 3496 a
1778 3422 2024 3522 polytheismo

492 3452 542 3600 ad
567 3524 862 3626 philosophicam
889 3524 1138 3625 cognitionem
1166 3524 1355 3666 progressi
1372 3536 1504 3619 essent,
1532 3522 1654 3597 multis
1674 3523 1796 3598 modis
1822 3552 1845 3598 a
1871 3551 1911 3599 re
1926 3525 2022 3599 chri-

492 3628 612 3702 stiana
653 3626 781 3726 repelli
825 3651 974 3701 necesse
1006 3640 1092 3701 erat.
1151 3626 1247 3700 ham
1285 3626 1468 3699 humanae
1503 3650 1576 3723 qua
1610 3624 1823 3725 gaudebant
1859 3627 2023 3701 felicitati

493 3728 798 3824 christianismus,
828 3728 895 3803 etsi
918 3755 984 3827 per·
1011 3754 1049 3802 se
1075 3727 1226 3803 relative
1248 3742 1390 3801 tantum
1417 3726 1538 3800 obstat
1561 3726 1672 3802 rebus
1697 3728 1851 3802 terrenis
1872 3730 2023 3803 excultis

492 3846 528 3906 et
561 3830 608 3905 ad
642 3830 906 3904 humanitatem
933 3830 1150 3926 informatis,
1186 3843 1309 3905 tamen
1343 3829 1463 3928 qualis
1496 3827 1561 3902 illa
1594 3842 1710 3904 aetate
1733 3844 1821 3924 erat,
1858 3829 2023 3905 absolute

492 3933 733 4033 repugnabat.
787 3930 901 4005 Cuius
936 3931 1086 4030 quidem
1110 3931 1314 4032 asperrima
1337 3931 1469 4026 virtus,
1505 3956 1528 4003 a
1550 3930 1918 4030 supranaturalismo,
1957 3932 2020 4030 qui

492 4048 570 4107 turn
604 4060 681 4107 non
718 4034 805 4107 satis
841 4034 1101 4133 circumspecte
1139 4061 1162 4108 a
1188 4033 1397 4107 christianis
1420 4032 1664 4133 premebatur,
1691 4033 1882 4131 postulata,
1921 4059 2021 4108 acer-

492 4136 584 4211 rime
610 4162 659 4235 pu
687 4135 801 4209 nabat
823 4162 906 4210 cum
933 4135 1138 4236 amplorum
1166 4134 1338 4209 ordinum
1353 4161 1453 4209 mere
1469 4133 1658 4207 mundana
1673 4132 1898 4233 educatione,
1917 4136 2020 4209 cuius

492 4164 771 4338 philosophicae
804 4252 840 4312 et
873 4238 1092 4314 aestheticae
1126 4236 1324 4313 eruditioni
1346 4236 1477 4336 religio
1502 4236 1703 4310 christiana
1728 4238 1878 4311 nonnisi
1902 4237 2021 4337 plebis

492 4340 634 4415 vanitas
659 4340 870 4440 apparebat.
922 4339 1020 4413 Nam
1047 4339 1238 4413 christiani
1271 4364 1385 4437 quum
1410 4337 1697 4438 polytheismum
1719 4365 1785 4438 per
1811 4366 1941 4414 omnes
1967 4340 2021 4413 vi·

490 4458 550 4517 tae
575 4456 697 4542 partes
724 4440 898 4515 diffusum
923 4441 1101 4536 viderent,
1136 4440 1401 4541 rempublicam
1437 4440 1539 4513 nulla
1562 4468 1607 4515 ex
1633 4453 1736 4539 parte
1761 4440 1961 4541 attigerunt
1986 4456 2022 4516 et

491 4572 515 4619 a
539 4543 841 4619 delectationibus
876 4542 1089 4642 artibusque
1121 4543 1285 4617 colendis
1315 4568 1393 4618 sese
1426 4540 1674 4615 removebant
1728 4541 1802 4631 Qui
1829 4569 1940 4641 quum
1966 4544 2020 4619 rei

489 4646 659 4748 publicae
699 4645 849 4747 negotia
886 4671 910 4719 a
942 4672 981 4720 se
1018 4646 1139 4720 aliena
1191 4659 1353 4741 starent,
1400 4642 1455 4717 nil
1488 4643 1609 4744 magis
1644 4642 1690 4715 iis
1726 4643 1814 4716 vitio
1852 4644 2017 4740 dabatur,

492 4775 601 4848 quam
629 4748 727 4846 quod
754 4747 842 4822 mali
869 4747 965 4822 cives
988 4763 1118 4822 essent.
1205 4772 1310 4820 arum
1330 4772 1452 4820 rerum
1469 4762 1606 4839 eontra,
1631 4744 1678 4819 de
1692 4744 1826 4843 quibus
1841 4748 2020 4821 latissima

516 4850 763 4925 raedicatione
790 4848 1156 4943 circumferebantur,
1185 4875 1352 4948 quaeque
1377 4847 1486 4922 laude
1509 4846 1625 4947 digna
1651 4847 1750 4945 apud
1776 4876 1839 4923 eos
1856 4849 2018 4924 invenie-

489 4878 635 5047 bantur,
663 4952 887 5027 sublimioris
913 4951 1095 5051 imprimis
1121 4952 1193 5027 Dei
1210 4949 1432 5052 cognitionis
1452 4949 1725 5049 possessionem
1747 4950 1961 5051 philosophi
1979 4951 2018 5024 in

489 5054 706 5154 disciplinis,
736 5082 827 5153 quas
854 5055 1008 5153 quisque
1032 5054 1282 5154 profitebatur,
1308 5050 1544 5127 iamdudum
1562 5065 1687 5127 tenere
1704 5053 1893 5151 putabant.
1906 5054 2018 5127 Prae-
