5034 6084
1310 659 1359 729 41

576 847 657 921 citis
686 845 838 946 vestigia
862 846 960 919 illius
989 842 1204 943 disciplinae
1237 842 1347 916 etiam
1372 839 1470 941 apud
1495 838 1683 938 lustinum
1708 840 1859 939 reperiri
1883 856 2109 944 exspectare·

574 975 667 1023 mus.
720 950 803 1049 lpse
832 975 919 1023 vero
944 959 1086 1039 narrat,
1124 959 1164 1019 ut
1199 971 1311 1044 supra
1345 945 1419 1016 iarn
1458 955 1783 1017 commemoratum
1817 957 1889 1040 est,
1928 971 1966 1019 se
1994 943 2108 1021 Stoici

464 1107 467 1112 -
573 1051 763 1125 cuiusdam
790 1050 1004 1150 philosophi
1027 1047 1234 1122 interfuisse
1260 1045 1396 1120 scholis
1431 1071 1542 1143 seque
1577 1072 1661 1119 eum
1690 1071 1766 1117 non
1800 1043 1892 1118 sicut
1916 1045 2106 1166 Pythago-

573 1179 676 1228 reum
703 1172 738 1228 et
762 1152 1046 1254 Peripateticum
1072 1149 1175 1223 brevi
1198 1161 1365 1248 ternpore
1398 1147 1588 1221 interiecto
1622 1146 1843 1240 deseruisse,
1879 1148 1945 1222 sed
1971 1150 2106 1224 diutius

572 1280 656 1328 cum
692 1282 734 1329 eo
769 1281 848 1329 esse
885 1269 1069 1329 versatum
1104 1252 1313 1349 (διατρίψας
1347 1252 1472 1323 ἱκανὸν
1503 1247 1587 1342 μετ’
1623 1247 1729 1322 αὐτοῦ
1759 1249 1946 1345 χρόνον).”
2006 1252 2105 1327 Dicit

571 1356 739 1455 quidem,
767 1383 806 1431 se
833 1384 946 1456 quum
973 1355 1067 1428 nihil
1092 1354 1249 1454 amplius
1276 1352 1323 1427 de
1348 1352 1428 1428 Deo
1455 1351 1596 1427 discere
1614 1351 1801 1452 potuisset,
1823 1352 1871 1426 ab
1896 1380 1939 1428 eo
1967 1354 2102 1429 disces-

572 1458 680 1555 sisse,
715 1474 751 1534 et
780 1457 994 1558 saepissime
1021 1456 1228 1531 Stoicorum
1262 1453 1467 1549 doctrinae,
1501 1453 1684 1555 imprimis
1717 1453 1865 1528 delato
1893 1457 2102 1551 sententiae,

570 1588 593 1634 a
617 1560 764 1635 Justino
791 1562 1073 1660 impugnantur,
1102 1584 1222 1657 neque
1245 1572 1369 1632 tamen
1404 1555 1564 1653 Stoicos,
1591 1555 1726 1656 quippe
1750 1556 1813 1653 qui
1835 1583 1880 1630 ex
1903 1578 2006 1658 parte
2033 1559 2103 1632 sal-

569 1678 643 1737 tem
668 1663 856 1738 veritatem
883 1661 1154 1762 perspexerint,
1180 1686 1256 1734 non
1284 1658 1410 1733 laudat
1426 1661 1473 1751 2).

685 1767 735 1838 At
760 1791 835 1838 non
858 1764 977 1837 solum
1004 1763 1103 1864 apud
1117 1761 1305 1837 Justinum
1332 1760 1396 1836 sed
1424 1760 1532 1836 etiam
1558 1759 1597 1832 in
1614 1774 1815 1836 ceterorum
1829 1764 2106 1864 apologctarum

570 1866 747 1941 doctrinis
774 1866 908 1941 stoicae
931 1865 1146 1966 disciplinae
1171 1864 1227 1938 vis
1253 1863 1430 1963 cognosci
1456 1875 1576 1963 potest
1602 1863 1710 1963 (quae
1733 1863 1882 1962 quidem
1909 1864 2104 1968 disciplina

569 1995 635 2068 per
662 1982 831 2067 quattuor
856 1969 934 2043 fere
958 1967 1104 2043 saecula
1128 1966 1366 2067 philosophia
1385 1964 1574 2065 popularis
1597 1980 1691 2062 erat,
1720 1992 1834 2065 eaque
1861 1967 1938 2042 eius
1964 1969 2037 2064 vis,
2065 1984 2104 2043 ut

570 2096 680 2169 quam
705 2067 903 2170 plurimum
930 2070 968 2144 in
994 2068 1135 2145 erudito
1162 2068 1311 2142 dicendi
1333 2094 1469 2168 genere
1496 2067 1700 2142 accuratius
1716 2069 1916 2144 excolendo
1935 2071 2100 2168 valuerit)

568 2172 652 2248 licet
676 2199 804 2247 omnes
831 2172 926 2246 sicut
949 2172 1117 2246 lustinus
1142 2171 1258 2244 multa
1283 2168 1506 2244 confidentia
1531 2194 1575 2242 ac
1594 2167 1774 2270 gravitate
1791 2170 1996 2246 Stoicorum
2021 2174 2100 2274 pla·

567 2276 638 2348 cita
663 2274 890 2376 impugnent
943 2275 1047 2350 Nam‘
1068 2300 1179 2373 quum
1207 2271 1396 2368 Tatianus,
1418 2271 1639 2346 adversariis
1665 2298 1741 2346 non
1761 2274 1969 2366 nominatis,
1998 2302 2101 2350 suam

567 2376 683 2477 ipsius
710 2376 915 2451 doctrinam
942 2376 1048 2452 alteri
1072 2376 1218 2450 cuidam
1245 2389 1429 2475 opponat,
1463 2400 1557 2472 qnae
1591 2374 1709 2449 Deum
1744 2376 1830 2451 velit
1853 2402 1932 2452 esse
1957 2403 2100 2478 corpus,

566 2480 746 2553 mundum
767 2478 1080 2574 indissolubilem,
1116 2476 1443 2577 conflagrationem
1476 2475 1640 2551 eiusdem
1673 2504 1760 2552 vero
1789 2479 1901 2552 variis
1926 2479 2100 2581 tempori·

566 2581 637 2656 bns
662 2582 787 2656 iterari
798 2583 846 2682 ³),
888 2609 964 2656 non
988 2580 1228 2656 dubitandum
1262 2594 1335 2675 est,
1372 2579 1461 2678 quin
1489 2578 1666 2653 Tatianus
1692 2577 1835 2655 Stoicos
1859 2596 1975 2676 notet,
2009 2608 2099 2682 quo·

568 2709 649 2757 rum
675 2683 819 2783 placita,
841 2684 1022 2784 imprimis
1050 2684 1149 2783 quod
1175 2681 1224 2756 ad
1250 2681 1577 2782 conflagrationem
1598 2681 1739 2777 mnndi,
1763 2709 1873 2781 quam
1899 2685 2100 2759 secundum

570 2786 750 2884 quosdam
783 2787 930 2862 orbium
967 2785 1138 2860 circuitus
1173 2783 1305 2859 iisdem
1340 2809 1484 2884 semper
1519 2783 1755 2859 nascentibus
1795 2800 1831 2859 et
1863 2786 2099 2886 pereuntibus

566 2889 645 2962 t'ore
667 2887 857 2982 dicebant,
893 2888 1004 2962 etiam
1036 2887 1126 2961 alibi
1154 2886 1321 2961 refellere
1354 2884 1474 2959 studet
1486 2888 1528 2975 4).
1591 2886 1867 2962 Accuratiorcm
1892 2888 2099 2964 Stoicorum

568 2989 747 3065 rationem
774 2990 886 3065 habet
909 2988 1177 3090 Athenagoras,
1206 2988 1271 3086 qui
1296 2987 1408 3061 variis
1432 2986 1523 3060 locis
1550 2987 1797 3087 cognitionem
1826 2991 2097 3088 sententiarum,

567 3118 658 3190 quas
685 3091 799 3166 Stoici
823 3091 1107 3193 profitebantur,
1135 3118 1174 3165 se
1198 3090 1390 3185 habuisse,
1425 3089 1560 3189 apertis
1596 3089 1719 3165 verbis
1741 3090 1779 3163 in
1803 3092 1922 3165 lucem
1949 3093 2097 3194 profert,

567 3194 734 3292 quamvis
760 3220 941 3295 nusquam
976 3221 1040 3269 eos
1075 3217 1158 3267 cum
1191 3191 1301 3267 laude
1329 3205 1591 3267 commemoret
1608 3192 1653 3284 5).
1713 3192 1768 3268 Ita
1800 3207 1835 3268 et
1868 3193 2096 3297 Theophilus

566 3297 756 3371 Cleanthis
780 3297 937 3416 aliorgrm
963 3295 1062 3370 dicta
1083 3295 1299 3397 respiciens,
1326 3321 1402 3369 non
1428 3320 1578 3395 prorsus
1599 3294 1741 3370 alienus
1768 3294 1880 3369 firisse
1906 3297 2047 3372 videtur
2074 3325 2097 3372 a

566 3397 711 3473 Stoicae
732 3397 949 3499 disciplrnac
977 3398 1176 3473 sententiis.

675 3500 756 3574 Iam
780 3501 951 3575 nonnulli
976 3500 1123 3576 termini
1146 3499 1324 3595 technici,
1352 3501 1487 3600 quibus
1512 3499 1650 3600 passim
1677 3500 1903 3575 occurrimus
1925 3503 2095 3604 perlectis

564 3602 708 3701 scriptis
734 3628 861 3676 eorum
888 3602 1060 3698 virorum,
1088 3602 1309 3701 inquorum
1344 3601 1519 3676 doctrinis
1547 3600 1782 3676 enucleandis
1809 3602 2006 3704 disputatio
2029 3632 2096 3679 no-

564 3723 638 3779 stra
663 3718 845 3800 versatur,
880 3704 1007 3803 quales
1033 3718 1119 3778 suut
1140 3717 1318 3797 φαντασία
1343 3718 1378 3779 ct
1402 3708 1605 3798 κατάληψις
1609 3761 1623 3794 ,
1658 3703 1706 3777 ad
1731 3701 1856 3779 Stoam
1884 3732 1953 3779 nos
1980 3706 2036 3781 ori
2066 3707 2093 3764 ‘-

561 3834 648 3881 nem
676 3832 802 3879 eornm
829 3806 1056 3904 quaesituros
1082 3807 1265 3909 delegant.
1317 3806 1431 3881 Cuius
1466 3834 1510 3881 ex
1537 3805 1734 3908 disciplina
1759 3807 1867 3881 etiam
1896 3806 1935 3880 id
1960 3734 2095 3911 pendit

562 3909 663 4009 quod
686 3908 854 3983 lustinus
877 3909 1001 4003 docet,
1038 3935 1163 3983 earum
1189 3935 1311 3984 rerum
1332 3935 1426 4007 quae
1447 3908 1589 3983 ratione
1615 3907 1973 4009 comprehendantur
1997 3909 2094 3984 iudi-

562 4012 659 4085 cium
681 4037 794 4111 penes
821 4037 970 4085 sensum
991 4036 1089 4106 esse,
1124 4011 1239 4111 ipsius
1270 4024 1392 4086 autem
1419 4018 1548 4087 sensus
1573 4023 1718 4111 praeter
1741 4008 1861 4111 ipsum
1890 4010 1990 4085 aliud
2016 4038 2092 4086 non

562 4140 642 4188 esse
669 4113 855 4209 iudicium,
880 4112 1004 4188 sensui
1028 4112 1140 4189 fidem
1165 4112 1377 4188 hahendam
1405 4140 1485 4190 esse
1494 4114 1545 4212 ⁶):
1575 4138 1668 4211 quae
1696 4110 1844 4211 quidem
1862 4111 2095 4189 definitiones

562 4217 658 4289 inter
683 4214 923 4315 gravissimas
950 4213 1155 4289 Stoicorum
1183 4215 1381 4291 sententias
1407 4214 1601 4290 habendae
1627 4227 1721 4307 sunt,
1749 4213 1811 4311 qni
1838 4214 1931 4287 nihil
1954 4216 2093 4315 cogita-

570 4371 941 4398 -—--a—¹-——o

675 4470 703 4551 1)
727 4470 807 4529 Dial.
830 4459 854 4530 c.
878 4471 929 4529 Tr.
953 4491 977 4530 c.
1003 4474 1021 4530 2
1043 4492 1073 4551 p.
1099 4473 1160 4531 218
1183 4470 1220 4529 Ε.

670 4560 700 4638 2)
722 4557 812 4637 Apol.
834 4557 872 4629 11,
895 4578 920 4616 c.
943 4559 962 4616 8
986 4578 1016 4637 p.
1039 4558 1133 4620 4613.

670 4646 698 4726 3)
723 4644 775 4706 Or.
798 4664 822 4704 c.
847 4642 900 4703 Gr.
924 4664 948 4702 c.
974 4646 1013 4705 25
1036 4665 1065 4724 p.
1090 4640 1231 4704 16201).

666 4733 696 4813 4)
719 4731 758 4791 a.
781 4750 806 4789 e.
829 4733 848 4790 a
870 4749 900 4808 p.
925 4732 1043 4790 1451).

668 4820 698 4900 5)
722 4818 826 4897 Suppl.
849 4836 903 4896 pro
927 4816 998 4878 chr.
1019 4838 1044 4878 c.
1068 4819 1108 4876 22
1131 4836 1160 4896 p.
1185 4818 1226 4877 23
1242 4816 1278 4875 B.
1301 4834 1326 4879 c.
1351 4818 1370 4877 6
1393 4836 1423 4895 ρ.
1448 4812 1542 4875 780.

667 4906 700 4984 6)
725 4905 773 4963 De
793 4912 902 4963 resurr.
924 4908 976 4963 c.1
992 4924 1020 4984 p.
1037 4905 1100 4964 588
1115 4903 1156 4962 132
1177 4902 1237 4963 νῶν
1259 4896 1317 4979 γὰρ
1339 4897 1390 4963 διὰ
1413 4902 1466 4961 νοῦ
1489 4897 1579 4976 λόγον
1603 4895 1835 4977 λαμβανομένων
1858 4895 2006 4981 νρινὴριόν
2031 4900 2092 4962 ἐστι

560 4987 751 5068 ὴαῖσθησνς.
795 4987 887 5068 αὐτῆς
910 4985 942 5050 di
966 4986 1116 5068 κριτήριον
1148 4984 1203 5048 οὐκ
1235 4987 1297 5050 ἔσνι
1319 4986 1401 5063 πλὴν
1424 4983 1532 5062 αὐτῆς·
1558 5017 1597 5029 --
1621 5018 1663 5028 -
1686 5019 1728 5030 —-
1752 4978 1850 5047 cixa'u
1882 4990 2017 5064 κρίνομεν
2047 5012 2092 5047 m·

559 5078 712 5148 σνεὺαννες
734 5079 767 5154 τῇ
791 5072 939 5153 αἴσθησιν.

1760 5185 1782 5253 6
