5034 6084
1262 651 1309 721 33

513 848 668 950 (lignum
695 848 923 944 existimavit,
952 848 1113 922 hominis
1138 849 1361 923 creationem
1390 849 1517 947 (μόνον
1543 850 1640 922 ἰδίων
1665 851 1770 945 ἔργον
1785 859 1921 948 χειρῶν
1944 853 2046 941 ἄξιον

515 950 649 1045 ἡγεῖται
675 959 736 1047 τὴν
762 965 903 1046 ποίησιν
932 956 991 1024 τοῦ
1017 947 1246 1049 ἀνθρώπου).
1301 949 1400 1041 Quin
1431 952 1539 1025 ctiam
1569 953 1673 1050 quasi
1700 954 1834 1027 auxilio
1862 955 2045 1057 indigeret

511 1055 629 1150 Deus,
659 1054 779 1128 dicere
805 1053 1005 1128 invenitur:
1059 1053 1278 1147 „Faciamus
1305 1052 1493 1126 hominem
1519 1054 1566 1127 ad
1594 1055 1795 1154 imaginem
1821 1070 1856 1131 et
1876 1058 2043 1132 similitu-

510 1156 634 1232 dinem
644 1156 661 1184 ”
673 1157 713 1255 1).
766 1157 900 1231 Nonne
925 1155 965 1228 in
990 1154 1060 1228 hac
1086 1155 1168 1255 ipsa
1194 1156 1392 1247 sententia,
1421 1155 1459 1227 in
1488 1183 1560 1253 qua
1582 1160 1718 1230 tuenda
1743 1157 1848 1232 Plato
1875 1174 1910 1234 et
1935 1161 2043 1235 Philo

511 1259 570 1359 (de
592 1260 720 1333 mundi
748 1258 893 1357 opificio
920 1286 955 1358 p.
986 1262 1030 1332 15
1059 1257 1153 1356 sqq.)
1187 1273 1477 1351 antecesserant,
1514 1257 1694 1356 reliquum
1728 1260 1914 1357 quoddam
1948 1263 2040 1336 anti-

506 1388 599 1459 quae
626 1359 814 1463 cogitandi
841 1361 992 1435 rationis
1016 1359 1210 1454 invenitur,
1239 1387 1333 1458 quac
1351 1359 1468 1433 Deum
1487 1386 1697 1459 supremum
1716 1389 1824 1460 quam
1843 1364 2041 1463 plurimum

506 1464 634 1563 procul
658 1492 680 1537 a
702 1462 839 1537 mundo
864 1490 943 1537 esse
969 1462 1092 1556 voluit,
1118 1462 1251 1536 timens
1280 1489 1327 1536 ne
1343 1486 1516 1535 concessa
1533 1462 1691 1560 quadam
1709 1464 1778 1537 Dei
1797 1489 1880 1537 curn
1902 1467 2040 1541 mundo

505 1566 734 1667 contagione,
762 1591 855 1663 quae
881 1564 1037 1666 indigna
1063 1565 1109 1637 sit
1131 1563 1369 1638 inenarrabili
1397 1579 1432 1637 et
1456 1563 1503 1637 ab
1532 1565 1633 1637 omni
1660 1566 1833 1641 materiae
1860 1592 2039 1644 commer-

506 1668 562 1741 cio
589 1668 763 1742 latissime
784 1682 923 1742 remoto
949 1668 1038 1763 Deo,
1066 1692 1202 1739 numen
1222 1693 1433 1766 supremum
1455 1665 1702 1741 conditionem
1728 1668 2040 1770 circumscriptam

505 1770 563 1844 vel
588 1771 680 1846 fines
705 1770 842 1843 habere
863 1768 1029 1843 videatur
1045 1769 1087 1867 2).
1432 1853 1436 1859 .

607 1872 729 1945 Aliam
755 1873 794 1944 in
821 1886 962 1971 partem
990 1871 1138 1944 Tatiani
1165 1871 1333 1945 doctrina
1359 1899 1404 1945 ex
1431 1870 1577 1945 ethnica
1596 1870 1778 1945 sentiendi
1799 1888 1834 1946 et
1850 1875 2038 1973 cogitandi

504 1976 644 2049 ratione
669 1975 804 2074 pendet
830 1988 938 2071 atque
964 1973 1002 2056 in
1029 1973 1215 2047 ethnicum
1239 1972 1461 2047 dualismum
1488 1972 1632 2067 recidit,
1670 1972 1701 2045 si
1735 1971 1861 2049 dicens
1889 1977 2037 2074 quidem

504 2078 713 2150 universum
740 2074 916 2149 mundum
945 2079 976 2148 e¹
990 2075 1142 2149 materia
1167 2103 1245 2150 esse
1270 2076 1416 2170 factum,
1445 2074 1633 2149 materiam
1659 2088 1782 2149 tamen
1810 2077 1927 2176 ipsam
1945 2107 2037 2179 quae

503 2193 700 2278 antequam
728 2178 908 2251 divinavi
935 2176 1202 2252 discerneretur
1225 2192 1260 2253 et
1282 2177 1525 2278 digereretur,
1562 2204 1628 2277 per
1656 2203 1694 2250 se
1731 2178 1832 2251 rudis
1867 2180 1976 2255 fuerit
2001 2198 2036 2257 et

503 2280 763 2379 incomposita,
803 2280 906 2352 initio
942 2307 964 2352 a
994 2279 1073 2354 Deo
1106 2280 1287 2379 prolatam
1315 2281 1391 2354 sive
1415 2279 1580 2382 genitam
1607 2292 1642 2353 et
1668 2306 1734 2378 per
1759 2280 2035 2382 primigenitum

505 2381 572 2456 Dei
598 2383 733 2477 filium,
774 2388 971 2474 τὸνλόγον
1000 2408 1079 2456 csse
1112 2382 1328 2478 formatam,
1370 2385 1513 2455 coelum
1548 2380 1799 2480 mundumque
1833 2385 2034 2459 secundum

501 2499 669 2558 naturam
704 2511 808 2558 suam
841 2511 991 2583 prorsus
1014 2483 1159 2559 diversa
1192 2498 1228 2559 et
1263 2485 1357 2558 inter
1386 2511 1434 2572 se,
1456 2483 1640 2557 contraria
1666 2511 1745 2558 esse
1771 2484 1955 2584 nihilque,
1994 2506 2033 2562 ut
2115 2509 2119 2518 ·

501 2602 626 2685 postea
659 2588 791 2660 clarius
824 2587 997 2681 elucebit,
1033 2588 1128 2662 inter
1162 2587 1393 2687 spiritumet
1425 2585 1617 2660 materiam
1643 2610 1837 2660 commune
1864 2614 1944 2664 esse
1966 2589 2031 2663 do-

499 2702 631 2763 ceatur.

600 2791 761 2866 Maiores
787 2792 1024 2893 disputationi
1052 2806 1197 2866 nostrae
1222 2790 1351 2866 adesse
1379 2790 1547 2865 videntur
1573 2789 1825 2887 difficultatem
1859 2793 1890 2864 si
1922 2819 2031 2891 quae-

499 2907 615 2987 ratur,
644 2920 825 2991 quaenam
851 2893 1018 2967 dustinus
1044 2895 1090 2968 de
1114 2893 1251 2967 mundo
1280 2905 1400 2966 creato
1427 2898 1533 2966 etde
1564 2891 1641 2964 Deo
1669 2906 1831 2968 creatore
1855 2896 2028 2991 statuerit,

498 2994 672 3091 quoniam
700 2995 860 3069 virorum
888 2996 1078 3070 doctorum
1105 2994 1305 3069 sententiae
1339 2994 1462 3066 multis
1498 2992 1593 3066 inter
1618 3020 1656 3067 se
1683 2994 1902 3113 discrepant.
1956 2995 2030 3073 Sed

496 3121 747 3196 quaecumque
772 3112 989 3198 argumenta
1016 3098 1212 3172 afferantur
1239 3096 1286 3169 ad
1312 3095 1486 3171 tuendam
1520 3094 1621 3167 illam
1655 3111 1890 3192 sententram,
1927 3100 2029 3174 cuius

496 3198 707 3275 defensores
734 3228 809 3273 non
837 3201 944 3300 pauci
971 3215 1064 3295 sunt,
1090 3200 1276 3274 Justinum
1303 3200 1413 3273 etiam
1439 3199 1476 3271 in
1505 3197 1576 3270 hac
1599 3196 1644 3269 de
1663 3200 1847 3274 creatione
1862 3200 2031 3276 doctrina

496 3300 733 3375 christianam
759 3302 888 3398 fidem,
931 3330 1024 3402 quae
1052 3304 1169 3378 Deum
1203 3329 1248 3375 ex
1272 3301 1390 3373 nihilo
1426 3326 1567 3374 creasse
1595 3300 1775 3374 mundum
1812 3302 1944 3400 credit,
1980 3305 2028 3378 ad

495 3419 610 3477 artem
648 3430 857 3501 revocasse,
897 3420 932 3479 et
968 3406 1134 3504 quamvis
1172 3403 1373 3478 christiana
1407 3402 1591 3495 doctrina,
1634 3429 1728 3499 quae
1762 3403 1881 3479 Deum
1916 3406 2026 3481 etiam

495 3504 716 3579 subiacentis
749 3506 923 3582 materiae
949 3521 1151 3582 creatorem
1173 3506 1250 3580 vult
1273 3532 1369 3599 esse,
1405 3502 1593 3577 nonnullis
1619 3503 1710 3578 locis
1736 3505 1899 3581 indicata
1926 3509 2025 3584 vide-

494 3620 569 3700 tur,
610 3606 648 3679 id
674 3634 741 3707 pro
769 3623 866 3682 certo
893 3609 1092 3705 habemuS,
1129 3634 1312 3708 nusquam
1338 3605 1473 3706 apertis
1500 3604 1622 3679 verbis
1648 3607 1759 3681 talem
1786 3608 2025 3684 christianam

493 3707 539 3781 de
567 3708 748 3785 creatione
768 3709 975 3784 doctrinam
1001 3739 1023 3784 a
1047 3709 1194 3785 Justino
1221 3708 1401 3809 prolatam
1429 3733 1518 3781 esse.
1570 3706 1670 3781 Deus
1705 3709 1852 3807 quidem
1882 3724 2025 3806 ποιητὴς

492 3817 563 3882 τῶν
589 3818 733 3884 πάντων
756 3813 988 3907 nominatur,
1013 3827 1076 3886 aut
1102 3812 1121 3886 ὁ
1149 3815 1369 3899 διατάσσων,
1398 3810 1597 3909 omniaque
1623 3811 1670 3884 ab
1699 3839 1742 3885 eo
1768 3816 2022 3907 κεκοσμῆσθαι

491 3923 553 3986 καὶ
578 3919 819 4009 γεγεννῆσθαι
839 3916 868 4014 ὅ)
896 3915 1084 4011 dicuntur,
1109 3916 1173 3990 sed
1199 3915 1245 3988 ad
1269 3914 1359 3988 tales
1385 3912 1616 3986 definitiones
1644 3925 1683 3985 ut
1700 3915 1917 3987 sententiam
1944 3932 2021 3990 tue·

491 4032 616 4111 antur,
652 4016 840 4117 delegare,
872 4017 1101 4091 adversarios
1125 4018 1288 4117 paullum
1315 4015 1431 4107 iuvat,
1467 4041 1578 4112 quum
1618 4013 1666 4085 ad
1699 4013 1919 4091 refellendos
1960 4046 2022 4093 eos

490 4119 564 4191 iarn
590 4119 682 4193 haec
706 4120 785 4192 sola
806 4120 1011 4193 observatio
1038 4119 1212 4211 sufficiat,
1243 4117 1375 4192 iisdem
1407 4115 1574 4190 formulis
1599 4114 1732 4214 quibus
1755 4116 1854 4192 Deus
1882 4135 2022 4193 creator

490 4219 733 4321 significetur,
756 4219 866 4295 etiam
892 4221 1083 4295 Platonem
1110 4234 1145 4295 et
1164 4221 1362 4296 Philonem
1384 4246 1470 4293 usos
1498 4243 1587 4292 esse.
1641 4215 1862 4317 Saepissime
1888 4221 1953 4295 nbi
1975 4222 2021 4298 de

491 4321 629 4396 mundo
668 4336 788 4397 creato
828 4323 974 4398 disserit
1010 4320 1200 4418 Justinus,
1248 4320 1449 4396 Platonicis
1490 4318 1657 4393 formulis
1694 4319 1824 4418 utitur3
1865 4349 2021 4423 eumque

489 4423 622 4497 mentis
649 4450 736 4498 suae
757 4425 870 4523 plane
897 4438 1102 4525 compotem
1134 4425 1373 4499 christianum
1402 4422 1540 4522 dogma
1563 4422 1602 4494 in
1627 4436 1785 4520 systema
1819 4451 1896 4499 non
1921 4452 2021 4502 rece-

488 4524 605 4624 pisse,
629 4525 668 4600 id
694 4525 782 4601 inde
804 4525 1021 4602 concludere
1041 4554 1253 4627 possumus,
1281 4542 1359 4600 tum
1382 4524 1482 4624 quod
1506 4539 1541 4596 et
1566 4524 1644 4623 ipsc
1671 4525 1859 4599 materiam
1885 4543 1921 4603 et
1947 4531 2020 4603 ori·

597 4780 629 4945 il
648 4780 690 4928 ¹cbf.
709 4781 812 4929 Iliitteer
827 4782 971 4941 liiiiesch.
994 4868 1023 4929 d.
1049 4869 1179 4929 Philos.’'
1201 4873 1239 4943 V,
1263 4891 1290 4949 p.
1315 4873 1395 4940 302;
1418 4869 1472 4946 IV,
1496 4871 1567 4930 454.
1595 4869 1643 4927 Id.
1698 4867 1799 4927 Ueber
1821 4870 1880 4929 den
1908 4872 2024 4949 Begriff

488 4954 547 5013 und
571 4953 629 5013 den
652 4954 780 5014 Verlaul
801 4955 854 5014 der
875 4956 985 5015 christl.
1008 4955 1120 5016 Philos.
1166 4959 1272 5018 Theol.
1296 4958 1338 5018 St.
1363 4967 1393 5015 ct
1415 4956 1494 5015 Krit.
1518 4957 1610 5027 1847,
1632 4955 1703 5013 fasc.
1729 4958 1756 5022 3,
1780 4977 1809 5034 p.
1832 4959 1905 5034 601,

595 5040 624 5122 3)
648 5041 738 5120 Apol.
763 5042 787 5115 Ι,
811 5061 835 5101 c.
860 5045 909 5115 20,
932 5063 961 5122 p.
986 5045 1026 5102 66
1045 5042 1100 5102 OD
1124 5044 1204 5104 Dial.
1227 5064 1253 5104 c.
1277 5045 1329 5102 Tr.
1345 5064 1370 5102 c.
1387 5047 1436 5113 11,
1460 5044 1564 5121 pecs
1580 5043 1615 5101 A.
1641 5041 1767 5120 Apoll,
1790 5063 1815 5101 c.
1825 5044 1875 5114 20,
1887 5063 1915 5121 p.
1927 5044 1967 5099 66
1980 5042 2018 5099 Ι).

1711 5155 1732 5223 5
