5034 6084
1256 647 1304 720 30

489 853 729 927 observarunt
753 850 823 925 viri
849 849 957 947 docti,
985 849 1049 924 illa
1073 876 1118 925 ex
1139 847 1266 923 schola
1282 848 1449 924 Platonis
1472 863 1617 950 sumpta
1644 876 1735 947 esse,
1757 863 1819 925 aut
1845 849 1945 949 quod
1968 849 2033 923 alii

490 955 712 1048 maluerunt,
742 978 825 1026 cum
852 950 1021 1029 Philonis
1045 950 1189 1053 placitis
1217 950 1400 1027 artissime
1426 951 1654 1028 cohaerere·
1687 951 1857 1028 lustinus
1884 950 2033 1051 quidem

491 1057 706 1132 sententiam
734 1055 837 1128 illam
862 1066 940 1127 tum
966 1055 1142 1155 temporis
1176 1052 1466 1153 haudquaquam
1490 1081 1646 1151 novam,
1683 1056 1838 1155 angelos
1865 1056 2036 1147 δυνάμεις

493 1184 591 1253 esse,
628 1157 740 1232 modo
776 1184 796 1231 e
830 1154 911 1230 Deo
943 1155 1194 1256 prosilientes,
1229 1155 1342 1229 modo
1377 1155 1416 1229 in
1453 1182 1537 1231 eum
1572 1171 1811 1253 revertentes,
1850 1157 2034 1257 reprobat,

494 1261 650 1355 docens,
686 1285 831 1358 semper
857 1284 1006 1333 manere
1032 1285 1122 1355 eos,
1148 1283 1269 1356 neque
1299 1258 1340 1331 in
1373 1256 1412 1331 id
1438 1256 1538 1332 unde
1572 1260 1792 1355 exstiterint,
1829 1258 1981 1333 dissolvi
1993 1257 2035 1358 1).

493 1361 661 1454 Quocum
696 1359 877 1436 consentit
908 1360 1186 1461 Athenagoras,
1228 1357 1292 1458 qui
1325 1360 1478 1460 angelos
1509 1359 1556 1434 ab
1587 1361 1692 1435 initio
1727 1360 1891 1436 insontes
1927 1374 2036 1459 atque

492 1463 718 1540 immortales
751 1462 867 1536 factos
894 1475 930 1539 et
953 1462 1128 1538 creatoris
1155 1462 1238 1561 lege
1263 1460 1303 1534 in
1334 1474 1549 1562 perpetuum
1575 1476 1832 1563 permanentes
1864 1461 2038 1562 opposuit

494 1565 719 1662 hominibus,
746 1591 905 1664 quorum
926 1565 1077 1664 quidem
1103 1563 1246 1638 animas
1263 1562 1530 1640 immutabilem
1556 1564 1645 1642 inde
1661 1566 1708 1641 ab
1736 1564 1880 1666 origine
1899 1564 2038 1640 habere

495 1682 531 1744 et
553 1682 739 1742 aeternam
764 1682 937 1767 naturam
964 1666 1081 1761 docet,
1110 1690 1266 1766 corpora
1293 1679 1420 1740 contra
1447 1693 1492 1742 ex
1517 1667 1771 1742 immutatione
1796 1666 1954 1766 quadam
1979 1667 2037 1740 iu-

495 1769 766 1870 corruptionem
791 1770 938 1868 assequi
953 1770 996 1870 2).
1031 1767 1199 1843 lustinus
1225 1766 1293 1841 etsi
1310 1792 1506 1868 corporum
1524 1770 1776 1871 angelicorum
1794 1769 2037 1844 substantiam

373 1897 395 1902 ··
494 1872 688 1947 hominnm
712 1870 928 1970 corporibus
951 1897 1029 1947 non
1061 1868 1348 1943 dissimillimam
1373 1870 1541 1946 statuisse
1559 1872 1733 1948 uideatur
1748 1872 1798 1971 ὅ),
1835 1870 1971 1970 quain
1998 1899 2040 1947 re

496 2003 519 2049 a
545 1974 701 2049 Tatiano
729 1988 764 2049 et
786 1971 869 2046 aliis
895 1973 1027 2049 veteris
1053 1971 1227 2049 ecclesiae
1253 1969 1437 2072 discrepat
1462 1971 1692 2070 doctoribus,
1728 1973 1791 2074 qui
1817 1973 2035 2073 angelorum

495 2091 664 2150 naturam
695 2102 771 2150 non
796 2074 869 2147 nisi
902 2075 1129 2175 spiritualem
1156 2099 1235 2149 esse
1262 2074 1521 2175 compaginem
1546 2090 1587 2150 ut
1610 2076 1709 2195 ignis
1735 2077 1793 2151 vel
1819 2075 1932 2170 aeris,
1967 2091 2039 2149 sta·

498 2177 674 2253 tuendum
701 2176 880 2277 putabant
889 2176 937 2275 4);
964 2177 1107 2279 angelis
1132 2190 1257 2251 tamen
1283 2174 1324 2249 in
1348 2177 1459 2251 coelis
1484 2176 1715 2279 princip1bus
1737 2205 1760 2253 a
1784 2177 1864 2252 Deo
1882 2177 1911 2277 ⁵)
1939 2176 2039 2251 ordi-

498 2280 593 2355 natis
620 2281 837 2379 saepiusque
862 2280 1034 2373 δυνάμεις
1057 2277 1261 2377 vocatisss),
1295 2305 1319 2351 a
1345 2304 1489 2354 summo
1516 2280 1598 2356 Deo
1624 2281 1818 2356 hominum
1845 2305 2041 2378 rerumque

500 2408 625 2457 curam
653 2381 880 2556 singularem
905 2382 1079 2459 tributam
1099 2400 1179 2456 esse
1213 2381 1244 2454 si
1275 2379 1365 2455 dicit
1376 2382 1426 2482 ⁷),
1460 2382 1543 2481 quis
1576 2397 1648 2481 est,
1688 2383 1752 2482 qui
1785 2382 1824 2455 in
1859 2380 2040 2457 eiusmodi

499 2483 687 2560 sententiis
744 2482 943 2560 latonicum
971 2483 1148 2586 cognosci
1173 2483 1310 2584 neget?
1348 2481 1489 2559 Eadem
1517 2512 1604 2560 vero
1627 2512 1721 2585 quae
1740 2483 1897 2579 lustini,
1924 2483 2039 2557 Athe-

497 2612 662 2687 nagorae
687 2599 741 2659 est
767 2586 963 2684 sententia,
1000 2585 1102 2662 cuius
1127 2586 1215 2659 item
1248 2584 1374 2683 opinio
1399 2611 1422 2659 a
1456 2587 1600 2686 placitis
1626 2587 1794 2662 Platonis
1820 2584 1921 2659 haud
1945 2585 2039 2659 mul-

498 2705 576 2764 tum
600 2686 802 2788 discrepat,
841 2713 953 2786 quum
980 2690 1070 2764 dicit
1094 2714 1175 2761 eam
1211 2711 1291 2761 esse
1316 2688 1534 2788 angelorum
1556 2690 1871 2785 constitutionem,
1907 2702 1947 2761 ut
1982 2714 2042 2763 res

499 2820 522 2866 a
540 2791 620 2864 Deo
648 2804 787 2864 creatas
809 2791 1038 2889 provideant,
1065 2789 1117 2864 ita
1143 2786 1303 2888 quidem,
1329 2803 1370 2863 ut
1393 2790 1603 2866 universam
1623 2791 1724 2867 Deus
1751 2804 1786 2865 et
1808 2809 2041 2865 communem

500 2893 667 2969 omnium
701 2892 837 2967 habeat
868 2893 1157 2994 providentiam,
1201 2891 1321 2990 qualis
1356 2907 1478 2993 partes
1510 2895 1667 2995 attingat
1698 2893 1854 2967 instituti
1886 2891 1935 2966 ad
1970 2892 2042 2965 hoc

500 3023 634 3069 munus
660 2995 785 3095 angeli
799 2995 840 3095 8).
893 2997 1021 3097 Itaque
1039 2993 1163 3096 angeli
1184 3007 1220 3068 et
1238 2992 1398 3070 ministri
1422 2996 1602 3092 dicuntur,
1630 2996 1766 3098 quippe
1782 3022 1874 3095 quos
1900 3006 2042 3069 creator

500 3112 536 3173 et
569 3095 693 3197 opifex
722 3096 851 3197 mundi
877 3098 977 3173 Deus
1013 3126 1079 3200 per
1111 3098 1225 3197 logon
1258 3122 1363 3170 suum
1397 3098 1624 3174 distribuerit
1656 3112 1691 3173 et
1723 3097 1965 3192 ordinaverit,
2002 3109 2043 3169 ut

502 3199 566 3298 qui
590 3199 629 3272 in
656 3199 855 3296 elementis,
882 3201 1005 3298 coelis,
1033 3198 1171 3274 mundo
1198 3196 1349 3297 eiusque
1372 3199 1482 3274 rebus
1504 3226 1699 3298 rerumque
1720 3200 1759 3274 in
1783 3199 2048 3298 temperatione

502 3314 692 3376 versentur
704 3301 747 3399 9).
807 3300 952 3392 Quibus
981 3301 1156 3403 expositis
1188 3326 1300 3417 porro
1335 3300 1366 3375 si
1399 3300 1435 3375 id
1468 3301 1721 3402 adiungimus,
1755 3301 1855 3398 quod
1880 3301 2044 3375 Athena-

502 3429 632 3504 goras,
671 3420 711 3477 ut
741 3402 880 3479 crimen
914 3404 1104 3502 atheismi,
1140 3427 1242 3476 curus
1271 3401 1474 3479 Christiani
1508 3403 1791 3498 accusabantur,
1829 3402 1960 3495 diluat,
1997 3400 2044 3475 ad

612 3656 643 3729 1)
669 3654 749 3713 Dial.
771 3676 796 3713 c.
819 3656 871 3714 Tr.
905 3678 928 3716 c.
955 3661 1016 3718 128
1037 3677 1067 3736 p.
1092 3654 1236 3717 358130.

612 3744 643 3800 2·
668 3741 716 3799 De
743 3752 900 3802 resurrect.
927 3755 1013 3803 mort.
1044 3764 1069 3804 o.
1094 3746 1133 3803 lo
1157 3743 1204 3802 ed.
1228 3743 1301 3804 Otto
1329 3766 1359 3825 p.
1384 3748 1511 3805 252-
1534 3777 1575 3788 -
1599 3777 1639 3787 -
1663 3743 1726 3805 οὔτ’
1756 3742 1803 3807 lul
1825 3748 1881 3804 τῶν
1901 3746 2047 3823 καθαρῶς

505 3826 671 3911 ἀφθάρτων
692 3832 743 3888 καλ
764 3827 929 3890 ἀθανάτων
950 3830 1031 3910 εὕροι
1052 3852 1092 3903 τις
1123 3830 1160 3890 ἀν
1181 3829 1342 3904 λσάζοασαν
1370 3832 1417 3909 τὴν
1438 3829 1614 3910 dispartim-
1629 3833 1668 3911 τῷ
1690 3830 1764 3910 μηδὲ
1795 3828 1845 3904 τάς
1867 3827 1968 3903 οάσλας
1991 3834 2048 3889 τῶν

504 3915 672 3996 κρειττόνων
700 3916 911 3989 σννεξιοόσθαι
937 3923 999 3991 ταῖς
1029 3914 1107 3978 καθ’
1133 3914 1281 3995 ὑπόβασιν
1309 3916 1538 4000 διαφερούσαις,
1573 3914 1636 3979 οὔτ’
1656 3916 1705 3979 tut
1727 3923 1783 3981 τῶν
1805 3915 1978 3997 ἀνθρώπων
2000 3915 2049 3993 τὴν·

504 4001 618 4080 ὁμαλὴν
650 3999 756 4079 ἐκείνην
787 4003 834 4080 τὴν
861 4002 1061 4082 ἀμετάβλητον
1089 4000 1227 4080 ἐπιζητεῖν
1253 4003 1357 4079 ἀξιον,
1391 4006 1439 4067 ἀτι
1468 4003 1503 4082 δὴ
1533 4008 1590 4066 τῶν
1617 4006 1672 4082 μὲν
1704 4002 1737 4078 ἒξ
1767 4003 1856 4085 ἀρχῆς
1884 4009 2049 4083 γενομένων

505 4087 667 4151 ἀθανάτων
688 4096 739 4150 καλ
761 4088 958 4170 διαμενόντων
977 4089 1056 4172 μόνῃ
1078 4094 1109 4172 τῇ
1130 4088 1233 4171 γνώμῃ
1257 4094 1305 4153 τοῦ
1326 4092 1500 4169 ποιήσαντος
1522 4088 1718 4169 ἀτελιντήαος,
1743 4095 1799 4158 τῶν
1820 4089 1853 4152 δὲ
1875 4089 2049 4170 ἀνθρώπων

504 4175 575 4236 κατά
597 4179 653 4255 μέν
680 4175 728 4252 τὴν
756 4178 848 4257 ψυχὴν
876 4175 936 4240 dard
958 4182 1095 4257 γενέσεως
1117 4173 1240 4257 ἐχόντων
1262 4176 1310 4256 τὴν
1339 4178 1538 4259 ἀμετάβλητον
1559 4177 1704 4257 διαμονήν
1707 4224 1719 4252 ,
1754 4176 1826 4240 κατὰ
1849 4175 1882 4239 δὲ
1903 4176 1934 4239 τι)
1957 4182 2047 4255 σῶμα

504 4261 790 4344 προςλαμβανόντων
812 4262 843 4326 ἐν
863 4267 1028 4344 μεταβολῆς
1049 4262 1096 4341 τὴν
1117 4260 1304 4346 ἀφθαρσίαν.
1638 4271 1643 4280 ’

613 4350 646 4427 3)
671 4350 711 4412 ol.
736 4350 870 4412 Semisch
893 4353 912 4412 l.
935 4354 955 4411 l.
976 4371 1007 4430 p.
1030 4353 1092 4413 343
1115 4370 1161 4431 aq.

612 4437 645 4511 4)
668 4436 738 4497 Tat.
751 4437 804 4499 Or.
827 4439 865 4499 ad
885 4437 937 4499 Gr.
960 4459 986 4498 c.
1010 4440 1049 4499 15
1072 4458 1102 4517 p.
1123 4440 1179 4498 70:
1201 4435 1373 4515 πνευματικὴ
1403 4433 1438 4496 δέ
1457 4431 1533 4497 ἔστιν
1555 4430 1652 4507 adroic
1675 4431 1691 4509 ἡ
1714 4431 1859 4513 σόμτιῄξις
1882 4430 1922 4504 αἰς
1944 4432 2048 4512 ττνρός,

505 4519 547 4595 ὡς
570 4520 666 4600 ἀέρος.
1676 4562 1684 4576 .

612 4612 647 4683 5)
668 4608 750 4669 Dial.
773 4631 797 4670 o.
819 4612 873 4671 Tr.
896 4630 922 4670 c.
945 4612 985 4671 36
1008 4629 1038 4689 p.
1062 4609 1171 4670 2553.

615 4695 647 4771 6)
672 4694 712 4754 ib.
735 4716 759 4757 e.
783 4700 824 4758 85
848 4718 878 4777 p.
903 4696 1016 4757 312Α.
1039 4696 1077 4754 al.

615 4782 646 4859 7)
671 4782 761 4861 Apol.
776 4785 820 4857 ll,
849 4805 874 4844 ο.
898 4785 916 4843 5
938 4804 968 4863 p.
982 4785 1039 4842 44:
1063 4780 1079 4843 ό
1102 4780 1177 4855 θεὸς
1198 4781 1362 4856 τὸντιάντα
1383 4781 1497 4861 κόσμον
1517 4778 1642 4855 ποιήσας
1656 4776 1704 4855 τὴν
1725 4779 1781 4856 μὲν
1800 4778 1856 4838 τῶν
1878 4772 2050 4856 ἀνθρώπων

505 4892 554 4929 ναι
575 4891 631 4929 ταν
652 4890 709 4929 vno
732 4892 781 4930 τον
802 4867 931 4949 οάρανόν
952 4869 1096 4948 πρόνοιαν
1118 4865 1272 4946 ἀγγέλοις,
1296 4870 1347 4943 οὓς
1369 4866 1417 4931 ἐπὶ
1437 4868 1547 4941 τοότοις
1569 4867 1670 4938 ἔταξε,
1695 4861 1871 4943 παρέδωκεν·

532 4966 537 4974 ’
613 4957 647 5028 8)
670 4957 746 5035 Lag.
769 4958 808 5018 ad
830 4956 901 5018 chr.
931 4977 956 5016 c.
979 4958 1020 5016 24
1043 4977 1073 5036 p.
1100 4957 1162 5015 128
1187 4954 1235 5015 cd.
1260 4956 1343 5017 Otto.

613 5044 646 5108 9)
669 5042 744 5120 Leg.
767 5045 805 5105 ad
830 5044 900 5105 chr.
932 5065 957 5103 o.
983 5047 1023 5105 10
1046 5063 1076 5122 p.
1100 5045 1141 5102 48
1165 5062 1210 5122 sq.
