5034 6084
1229 642 1274 712 14

487 865 598 926 vetur.
651 848 756 939 Quare
779 872 893 943 quum
918 845 970 918 ita
996 843 1085 939 sint,
1121 841 1221 940 quod
1248 840 1322 916 fide
1345 840 1552 917 continetur
1578 842 1751 942 quodque
1776 842 1869 917 fides
1895 869 1961 945 per
1987 871 2026 919 se

488 953 568 1053 ipsa
595 978 662 1052 pro
687 963 785 1025 certo
808 947 930 1041 habet,
958 947 996 1018 in
1025 958 1185 1043 systema
1206 942 1376 1044 redigere
1403 957 1439 1019 et
1465 944 1643 1040 conferre,
1671 973 1729 1021 res
1756 958 1811 1020 est
1835 946 2025 1046 paullatim

486 1068 628 1130 tantum
666 1050 909 1153 perficienda,
957 1046 1060 1121 ouius
1106 1046 1170 1144 qui
1213 1046 1326 1145 primi
1367 1046 1407 1119 in
1448 1072 1494 1136 ¹re
1537 1062 1573 1122 et
1615 1047 1784 1122 doctrina
1826 1047 2025 1122 christiana

488 1153 744 1258 pertractanda
796 1150 1056 1243 versabantur,
1118 1145 1358 1222 fundamenta
1407 1147 1601 1224 iaciebant
1685 1149 1784 1239 Quot
1836 1149 2026 1225 doctrinae

488 1262 601 1358 longo
645 1256 793 1331 demum
835 1253 963 1327 labore
1003 1264 1151 1350 peracto
1193 1249 1373 1347 novisque
1421 1250 1542 1325 allatis
1582 1251 1816 1353 experientiis
1860 1268 2026 1353 promtae

487 1361 568 1435 lieri
594 1356 782 1459 poterantl
821 1353 946 1446 Quid?
981 1352 1153 1452 quodne
1185 1364 1313 1425 nostra
1339 1352 1487 1450 quidem
1525 1366 1642 1429 aetate
1663 1354 1735 1428 tale
1761 1354 1938 1456 reperitur
1965 1381 2025 1453 sy-

490 1482 615 1555 stema,
644 1489 716 1559 quo
741 1459 835 1532 fides
861 1456 1060 1531 christiana
1086 1452 1398 1536 accuratissimam
1425 1468 1460 1529 et
1484 1482 1634 1556 prorsus
1658 1457 1935 1532 convenientem
1963 1483 2026 1532 ex-

365 1614 406 1644 f·
489 1564 725 1665 plicationem
762 1559 960 1660 acceperit,
998 1583 1109 1655 quam
1135 1555 1309 1630 universa
1341 1549 1483 1630 domini
1517 1557 1670 1633 eeclesia
1701 1559 1843 1657 probet.
1905 1557 2026 1647 Quam

492 1666 658 1766 quidem,
697 1663 816 1738 donec
850 1660 1074 1752 inveniatur,
1108 1682 1284 1755 quaerere
1318 1658 1515 1733 fonnulam
1549 1686 1683 1733 munus
1711 1676 1766 1734 est
1793 1659 1886 1734 illud
1917 1659 2027 1733 totius

492 1769 667 1844 ecclesiae
700 1766 921 1840 niaximum:
954 1760 1052 1859 quod
1079 1759 1127 1833 ad
1150 1761 1264 1833 finem
1288 1759 1504 1859 perducere,
1536 1788 1613 1836 non
1639 1761 1785 1837 initium
1807 1761 2026 1862 theologiae,

494 1871 559 1946 sed
585 1870 701 1945 exitus
724 1881 816 1944 esse
830 1866 950 1940 debet.
1011 1861 1111 1952 Quid
1136 1861 1250 1962 igitur
1275 1862 1455 1936 miramur
1484 1864 1624 1963 primos
1651 1865 1824 1939 ecclesiae
1839 1857 2025 1958 'doctores

494 1974 525 2046 si
552 1972 702 2071 quidem
724 1966 972 2045 antecedentis
993 1962 1209 2041 eruditionis
1232 1964 1389 2065 vestigia
1422 1964 1461 2037 in
1489 1965 1632 2066 scriptis
1659 1966 1875 2066 placitisque
1900 1993 2026 2043 eorum

494 2074 765 2173 inveniarnusl)

608 2177 682 2253 sed
706 2175 780 2249 iam
805 2172 845 2244 in
863 2168 1050 2244 narranda
1075 2167 1347 2243 controversiae
1373 2185 1520 2241 nostrae
1546 2184 1740 2272 pergentes
1761 2170 1924 2263 historia,
1952 2169 2028 2269 pri-

495 2305 596 2357 murn
623 2277 772 2378 quidem
799 2272 947 2347 alterius
979 2269 1219 2346 dissensionis
1245 2269 1286 2342 in
1318 2268 1528 2344 definiendo
1553 2272 1617 2345 illo
1641 2273 1831 2347 doctorum
1858 2272 2028 2348 ecclesia·

496 2380 669 2455 eticorum
692 2376 920 2453 Platonismo
947 2373 1085 2448 mentio
1118 2371 1289 2447 facienda
1314 2385 1385 2467 est;
1419 2398 1514 2470 quae
1540 2369 1721 2448 (fissensio
1755 2389 1834 2448 orta
1860 2392 1914 2448 est
1938 2374 2029 2447 viris

494 2482 611 2558 doctis
648 2496 684 2557 et
716 2481 762 2556 de
794 2479 896 2552 fonte
929 2475 1029 2550 unde
1054 2487 1177 2574 patres
1210 2472 1486 2574 philosophiam
1513 2474 1690 2550 doctrinis
1727 2476 1938 2550 christianis
1962 2475 2028 2548 ad-

495 2587 647 2660 mixtam
674 2581 879 2674 hauserint,
917 2575 1199 2677 disputantibus.
1258 2574 1350 2648 Erat
1375 2576 1475 2650 enini
1506 2577 1669 2676 vulgaris
1697 2578 1893 2670 sententia,
1926 2577 2029 2651 illam

495 2688 703 2789 theologiae
729 2682 950 2759 christianae
974 2705 1041 2780 per
1056 2677 1267 2751 Platonicos
1293 2676 1479 2751 doctrinas
1501 2680 1773 2779 corruptionem
1797 2707 1842 2753 ex
1867 2679 2030 2780 genuina

496 2792 628 2865 veteris
662 2784 874 2862 academiae
898 2779 1091 2856 Platonica
1126 2778 1294 2852 doctrina
1324 2805 1404 2853 esse
1429 2780 1675 2881 repetendam.
1737 2781 1809 2855 Cui
1831 2780 2030 2856 sententiae

496 2891 738 2968 Mosheimius
772 2883 1066 2961 dissertationem
1093 2908 1197 2955 suain
1230 2881 1277 2958 de
1302 2881 1448 2955 turbata
1470 2909 1539 2982 per
1573 2884 1792 2959 recentiores
1818 2883 2031 2957 Platonicos

498 2995 651 3072 ecclesia
677 2990 848 3092 opposuit
860 2987 904 3086 2).
957 2984 1201 3084 quiquidem
1218 2984 1275 3058 vir
1300 2983 1533 3058 doctissimus
1550 3001 1647 3061 recte
1665 2984 1762 3082 dicit,
1789 2985 2029 3061 christianum

498 3096 771 3197 philosophum,
799 3091 918 3190 qualis
945 3088 1066 3163 seculo
1089 3087 1249 3161 secundo
1277 3101 1313 3161 et
1338 3086 1573 3184 sequentibus
1597 3087 1782 3183 exstiterit,
1809 3087 2033 3162 Eclectioum

499 3200 628 3295 luisse,
665 3196 728 3296 qui
754 3222 799 3271 ex
825 3191 998 3266 omnibus
1028 3188 1177 3288 quidem
1202 3188 1508 3288 philosophorum
1536 3190 1643 3264 sectis
1665 3189 1900 3285 adscisceret,
1939 3216 2033 3287 quae

501 3300 675 3403 religioni
701 3296 922 3372 christianae
944 3291 1044 3366 haud
1070 3289 1250 3391 refragari
1275 3303 1438 3389 putaret,
1463 3303 1501 3363 at
1521 3289 1715 3365 Platonem
1737 3305 1860 3367 tamen
1881 3291 2033 3388 reliquis

500 3404 673 3478 omnibus
700 3397 930 3500 philosophis
957 3394 1145 3468 meliorem
1173 3417 1252 3466 esse
1286 3405 1321 3465 et
1345 3390 1511 3489 proxime
1541 3419 1563 3465 a
1585 3391 1790 3467 Servatoris
1816 3393 1932 3467 nostn'
1956 3393 2031 3467 dis-

501 3505 638 3607 ciplina
661 3515 841 3577 remotum
870 3524 950 3574 esse
982 3495 1139 3570 duceret.
1199 3494 1243 3567 Iu
1277 3520 1320 3567 eo
1354 3505 1474 3567 autem
1496 3508 1593 3567 errat
1629 3494 1729 3593 quod
1757 3495 1856 3569 hunc
1889 3494 2033 3569 eclecti-

502 3609 656 3681 cisrnum
691 3602 849 3679 eundem
882 3625 926 3673 ac
951 3596 1294 3698 Neoplatonismum
1320 3620 1399 3669 esse
1429 3594 1545 3690 dicat,
1582 3595 1685 3671 cuius
1709 3611 1895 3673 auctorem
1921 3596 2032 3670 Pota·

502 3736 650 3784 monem
674 3703 870 3806 quemdam
896 3701 1010 3775 fuisse
1032 3712 1152 3816 putat,
1186 3698 1348 3773 incertae
1369 3697 1496 3771 aetatis
1522 3697 1659 3794 virum,
1696 3726 1809 3798 quum
1834 3700 2033 3799 Neoplato-
2105 3702 2115 3714 '

502 3812 644 3886 nisurus
670 3804 865 3909 posteriori
887 3816 1054 3901 tempori,
1081 3827 1192 3899 quarn
1217 3826 1290 3898 quo
1316 3799 1427 3899 primi
1443 3799 1617 3875 ecclesiae
1643 3814 1763 3901 patres
1782 3800 2034 3901 philosophati

504 3928 605 4007 sunt,
642 3909 823 4011 originem
859 3905 1007 3980 debeat:
1043 3902 1210 3976 Plotinus
1247 3902 1347 3977 enim
1382 3901 1524 4000 primus
1557 3902 1692 4000 quique
1726 3902 1967 4005 gratissimus
2000 3918 2035 3979 et

503 4012 853 4115 Neoplatonioorum
893 4006 1059 4082 omniurn
1096 4005 1259 4078 maxima
1298 4002 1485 4104 praeditus
1520 4004 1732 4080 auctoritate
1770 4004 1902 4079 dicitur
1936 4032 2034 4078 anno

505 4145 582 4192 non
608 4115 710 4217 prius
744 4111 993 4187 ducentesimo
1025 4122 1109 4206 post
1128 4105 1317 4179 Christum
1343 4104 1470 4204 quinto
1503 4119 1610 4180 natus
1637 4124 1691 4182 est
1711 4107 1923 4206 Romaeque
1948 4106 2037 4184 inde

615 4360 644 4433 1)
667 4355 705 4415 ol.
720 4353 900 4413 Tarchirner
922 4352 942 4410 l.
959 4350 979 4408 l.
998 4370 1028 4428 p.
1038 4349 1115 4408 580:
1138 4348 1198 4407 ain
1217 4347 1353 4407 Wunder
1368 4348 1445 4407 'uer'
1467 4368 1509 4421 es,
1533 4368 1617 4407 weun
1641 4348 1704 4407 ihre
1716 4348 1844 4407 Ansiclrt
1865 4350 1922 4406 wie
1943 4347 2035 4407 durch

505 4449 592 4505 einen
616 4439 838 4516 Zauberschlag
861 4437 1022 4496 vertudert
1043 4434 1104 4494 und
1129 4435 1182 4495 das
1205 4433 1307 4507 Band,
1330 4434 1458 4493 welches
1481 4437 1523 4494 sie
1546 4455 1583 4493 an
1608 4434 1656 4493 die
1678 4434 1802 4494 Voraeit
1823 4433 2037 4511 undBildung

506 4534 585 4592 ihres
607 4530 723 4591 Volkes
748 4525 892 4603 kntlpfte,
925 4521 1065 4602 pietalich
1093 4523 1238 4581 aerrissen
1267 4521 1387 4581 worden
1419 4530 1512 4594 aare,
1541 4541 1575 4580 so
1598 4521 1668 4581 dass
1690 4520 1780 4581 keine
1802 4520 1880 4600 Spur
1902 4540 1960 4579 von
1984 4521 2037 4580 der

505 4616 704 4695 Einwirkung
726 4614 779 4674 des
802 4611 1019 4679 Platonismus,
1051 4608 1103 4667 der
1126 4610 1169 4667 sie
1191 4627 1252 4666 rou
1274 4608 1399 4685 Jugend
1424 4607 1479 4668 aul
1497 4608 1625 4685 genithrt
1647 4608 1729 4667 hatte
1752 4607 1813 4667 und
1836 4607 2036 4667 fortwanrend

507 4709 537 4765 iu
560 4705 618 4764 den
642 4701 790 4764 Schriften
813 4697 892 4757 ihtes
914 4695 1029 4757 Volkes
1060 4694 1120 4753 und
1148 4696 1178 4753 iu
1208 4693 1266 4753 den
1290 4693 1484 4773 Gesprtiohen
1508 4694 1561 4754 der
1583 4695 1798 4772 Zeitgenossen
1820 4695 1864 4753 sie
1888 4693 2037 4764 borthne,

505 4796 536 4851 in
558 4791 638 4850 ihrer
659 4789 788 4849 Lohrmt
809 4782 962 4862 gelunden
984 4781 1096 4841 wiirde.
1120 4814 1159 4824 -
1204 4782 1242 4841 V.
1265 4792 1424 4859 praeterea
1445 4780 1709 4857 Baumg.·Crusius
1730 4780 1750 4839 l.
1766 4780 1785 4839 l.
1809 4775 1830 4860 l,
1853 4800 1883 4858 p.
1897 4783 1956 4840 167
1972 4799 2037 4862 sqq.

506 4877 692 4955 Hagenbuch
715 4871 845 4947 „Lehrh
869 4870 923 4930 der
942 4866 1202 4944 Dogmengesehr
1226 4868 1273 4926 ed.
1297 4869 1326 4926 4.
1348 4887 1379 4946 p.
1399 4869 1439 4927 32
1456 4887 1501 4947 sq.
1532 4888 1582 4947 pp.
1594 4871 1635 4926 44
1652 4886 1716 4947 sqq.
1763 4866 1835 4927 Otto
1858 4868 1878 4926 l.
1900 4867 1920 4926 l.
1942 4886 1971 4947 p.
1988 4870 2038 4929 ts.

506 4965 625 5037 Daniel,
650 4963 760 5022 Tatiae
784 4957 837 5017 der
860 4957 1012 5035 apologet
1033 4974 1062 5034 p.
1088 4956 1148 5013 127
1172 4973 1216 5034 sq.

616 5052 644 5131 2)
667 5050 705 5109 cf.
729 5047 816 5107 Tem.
840 5042 873 5101 II
896 5042 1041 5103 versionis
1063 5041 1114 5103 lat.
1137 5040 1269 5120 System.
1292 5040 1433 5100 intelleot.
1457 5038 1683 5101 Oudworthiani
1704 5040 1734 5097 in
1756 5037 1897 5118 Appeud.
