5034 6084
1234 601 1238 610 “
1334 609 1356 678 9

573 835 644 904 188,
671 835 876 926 propensos
902 808 1068 905 faciebat,
1094 823 1133 882 ut
1159 810 1418 909 cognationem
1441 808 1639 986 quamldam
1666 822 1882 907 quaererent
1911 824 1946 885 81
1972 824 2104 885 818188-

573 911 1175 987 1881181811818188181881818
1208 910 1495 1012 philosophiam.
1548 912 1676 1011 Itaque
1708 910 1875 985 Justiuus
1910 912 2105 987 Platonem

577 1013 775 1089 sententias
803 1013 981 1131 quasdam
1013 1040 1036 1087 a
1060 1012 1165 1088 Mose
1195 1013 1565 1130 propheta,1ppe
1602 1014 1664 1112 qui
1697 1011 1869 1088 omnihus
1905 1013 2104 1089 Graiomm

572 1115 685 1215 script
670 1115 811 1189 toribus
835 1115 881 1189 sit
904 1116 1099 1233 antiquior,
1120 1133 1306 1190 mutuasse
1328 1114 1389 1189 ait
1383 1013 1492 1188 th
1507 1141 1757 1215 quaecumque
1775 1113 1820 1190 de
1836 1116 2107 1191 immortalitate

571 1218 728 1313 animae,
754 1218 800 1294 de
816 1218 946 1317 poenis
972 1232 1055 1318 post
1079 1232 1245 1314 mortem,
1273 1217 1320 1293 de
1344 1244 1466 1292 rerum
1484 1217 1695 1294 coelestium
1718 1218 2033 1317 contemplatione,
2060 1218 2107 1295 de

572 1319 655 1394 aliis
689 1318 869 1394 eiusmodi
906 1319 1140 1421 dogmatibus
1178 1333 1255 1393 tum
1292 1319 1521 1419 philosophi,
1564 1334 1641 1393 tum
1678 1333 1809 1421 poetae
1847 1320 2034 1417 dixerunt,
2081 1348 2105 1395 a

573 1421 762 1539 prophetis
797 1436 915 1496 sumto
956 1436 1173 1523 argmnento
1208 1436 1244 1497 et
1274 1421 1479 1522 intelligere
1512 1435 1708 1522 potuerunt
1738 1437 1773 1496 et
1806 1448 2035 1522 exposuerim
2036 1423 2102 1523 lt).

575 1524 651 1624 Ipsi
688 1522 800 1624 igitur
837 1523 971 1599 Graeci
1003 1524 1216 1641 philosophi
1248 1538 1284 1599 et
1316 1524 1512 1624 scriptores
1547 1523 1674 1599 (111188
1704 1550 1826 1599 181881
1860 1525 2105 1599 humanarum

575 1625 807 1725 providentia
842 1628 957 1700 coacti
992 1641 1094 1744 8881,
1131 1626 1194 1725 qui
1227 1626 1343 1700 multa
1367 1626 1462 1701 vel
1451 1626 1557 1699 181111
1587 1653 1655 1726 818
1682 1625 1904 1700 Christianis
1930 1627 2104 1725 (11881881,

575 1755 732 1826 quorum
752 1728 914 1803 maxime
939 1729 967 1802 ii
986 1729 1049 1827 qui
1068 1729 1108 1803 in
1129 1731 1301 1829 Aegypto
1326 1728 1473 1803 fuerunt
1491 1742 1527 1803 et
1551 1755 1597 1804 ex
1613 1728 1778 1803 Mosis
1746 1755 1897 1826 crusque
1922 1728 2105 1804 maiorum

576 1830 755 1930 religione
781 1832 938 1904 fructum
964 1846 1222 1948 perceperunt,
1259 1830 1311 1903 ita
1336 1844 1376 1904 ut
1408 1830 1453 1904 iis
1481 1857 1575 1929 quae
1602 1832 1706 1930 prius
1728 1857 1805 1904 non
1836 1845 1933 1906 18818
1959 1832 2006 1907 (18
2033 1832 2106 1906 (1118

575 1932 716 2031 8818811
737 1934 1092 2008 18818811888118118
1112 1948 1241 2034 888188
1262 1945 1461 2008 8181881881
1469 1933 1514 2032 ³)
1567 1932 1736 2032 Denique
1754 1959 1866 2031 quum
1889 1934 2105 2034 apologetae

574 2062 652 2109 rem
687 2034 926 2109 christianam
965 2062 1196 2153 paganorum
1229 2034 1437 2135 principum
1471 2035 1604 2110 tutelae
1642 2048 1677 2109 81
1712 2059 1820 2108 88188
1845 2036 2105 2151 commendare

576 2152 759 2237 cuperent,
785 2138 913 2237 magni
934 2138 1111 2212 momenti
1137 2138 1183 2211 iis
1205 2136 1324 2211 videri
1337 2136 1496 2212 debebat
1519 2136 1731 2233 similitude,
1757 2164 1867 2235 quam
1889 2136 1927 2211 18
1929 2150 1984 2212 181
2004 2139 2104 2237 ipso-

574 2265 655 2311 rum
690 2239 895 2313 doctrinam
932 2255 967 2314 et
1001 2239 1307 2339 philosophorum
1346 2239 1481 2339 placita
1521 2266 1601 2315 esse
1635 2238 1845 2339 reperirent.
1907 2237 2103 2330 Quomodo

575 2341 704 2416 melius
731 2355 766 2416 et
793 2342 954 2416 securius
979 2342 1138 2442 gratiam
1163 2370 1186 2415 a
1211 2341 1300 2415 viris
1325 2341 1583 2441 philosophiae
1608 2341 1816 2436 faventibus
1841 2341 1997 2416 inituros
2023 2367 2104 2418 8888

575 2470 723 2561 sperare
748 2447 935 2542 poterant,¹
952 2470 1064 2543 quarn
1091 2444 1122 2518 81
1149 2471 1311 2561 summas
1337 2459 1372 2518 et
1396 2442 1709 2560 8188818118818188
1729 2468 1883 2544 graecae
1905 2444 2105 2544 sapientiae

574 2545 711 2620 ideas
701 2573 741 2619 m
768 2545 916 2619 Christo
969 2546 1122 2621 erfectas
1148 2573 1238 2642 esse,
1266 2546 1306 2619 in
1333 2573 1376 2621 eo
1403 2572 1532 2621 omues
1560 2545 1722 2621 veritatis
1747 2545 1873 2620 radios
1897 2572 1964 2645 per
1988 2572 2103 2647 paga-

573 2675 705 2722 norum
728 2648 907 2722 mundum
879 2559 1116 2774 mdispersos
1139 2649 1312 2723 collectos
1338 2674 1418 2724 8888
1438 2647 1487 2721 ad
1509 2675 1623 2722 unam
1647 2662 1907 2745 aeternamque
1928 2648 2047 2723 lucem
2060 2648 2103 2748 5.)

676 2749 820 2839 Quibus
847 2750 1058 2849 praemissis
1085 2751 1117 2823 si
1142 2750 1274 2825 1818118
1295 2749 1580 2867 philosophiae
1570 2777 1610 2824 18
1627 2749 1804 2824 doctrinis
1826 2749 2106 2851 apologetarum

575 2851 845 2927 excolendis
810 2879 886 2925 1181
913 2866 1022 2968 atque
1048 2852 1300 2927 auctoritatem
1324 2850 1529 2925 accuratius
1555 2878 1739 2968 exponere
1766 2876 1960 2948 conamur,
1987 2879 2106 2953 pauca

575 2953 757 3053 quaedam
781 2953 826 3027 de
854 2954 1006 3048 ratione,
1034 2980 1106 3051 qua
1130 2936 1448 3073 philosophiae
1414 2980 1490 3027 1181
1516 2952 1636 3026 181118
1663 2952 1839 3027 doctrinis
1864 2952 1999 3027 factam
2025 2982 2105 3032 8888
2157 2961 2160 2970 “

574 3075 760 3157 88181888,
797 3055 954 3130 dicenda
979 3055 1105 3131 vident
1091 3069 1168 3152 t;ur
1201 3056 1363 3156 primum
1390 3055 1555 3129 omnium
1581 3082 1667 3130 vero
1693 3069 1733 3129 ut
1744 3054 1903 3173 ‘planius
1919 3072 2106 3173 appareat
2175 3057 2183 3072 ’

574 3158 664 3257 quid
700 3159 745 3232 sit
731 3157 824 3233 tde
852 3185 924 3257 quo
960 3156 1181 3259 disputetur,
1219 3158 1373 3232 historia
1395 3157 1504 3231 huius
1530 3157 1800 3233 controversiae
1825 3184 1848 3231 a
1872 3156 1992 3257 prima
2017 3159 2105 3236 inde

575 3261 720 3361 origine
745 3260 873 3361 paucis
900 3274 1023 3336 tamen
1049 3260 1192 3335 videtur
1218 3260 1427 3361 repetenda.

676 3363 873 3437 Accusatio
911 3364 974 3437 illa
1007 3363 1216 3459 notissima,
1251 3363 1490 3437 christianam
1523 3361 1711 3436 1811181818
1736 3386 1803 3461 881
1827 3361 2103 3464 philosophiam

574 3466 766 3582 gentilem,
795 3479 830 3539 et
852 3492 941 3564 prae
967 3464 1095 3540 ceteris
1120 3492 1186 3565 per
1210 3465 1294 3539 Plat
1280 3465 1440 3540 tonicam
1466 3489 1546 3539 8888
1571 3462 1829 3580 depravatam,
1864 3465 2104 3582 doctoresque

576 3566 751 3642 ecclesiae
777 3566 824 3641 ad
854 3593 1051 3668 81818888
1077 3566 1198 3666 abripi
1223 3594 1353 3684 passos
1379 3593 1459 3642 8888
1485 3591 1637 3660 8118188,
1674 3564 1748 3638 1818
1774 3566 1903 3665 8111818
1929 3569 2104 3645 ecclesiae

577 3668 804 3770 temporibus
839 3670 984 3770 8888188
1019 3667 1144 3743 audita
1179 3683 1214 3743 et
1242 3668 1403 3744 maxime
1432 3668 1479 3743 ab
1512 3666 1738 3742 orthodoxae
1768 3669 1942 3745 ecclesiae
1976 3670 2100 3747 docto·

687 3946 718 4020 1)
743 3941 779 4001 81.
803 3942 893 4021 Apol.
916 3941 941 4000 Ι.
965 3962 989 4001 8.
1001 3943 1043 4000 44
1066 3961 1095 4019 8.
1113 3943 1154 4001 82
1178 3943 1215 4002 Α.

687 4046 715 4128 2)
740 4046 814 4108 coh.
837 4067 861 4107 8.
884 4050 925 4107 14
948 4067 978 4126 8.
1002 4048 1040 4106 15
1060 4046 1101 4106 B:
1134 4044 1229 4107 πολλὰ
1252 4078 1296 4090 -
1317 4051 1367 4105 καλ
1398 4044 1513 4117 ἄκοντες
1542 4042 1614 4125 ὑπὲρ
1646 4042 1729 4123 ἡμων
1757 4042 1846 4103 εἰπεῖν
1874 4040 2102 4121 ἠναγκάσθησαν

578 4141 628 4195 καῖ
648 4133 776 4211 μάλισια
799 4135 827 4195 ol
850 4131 880 4195 ἰν
902 4132 1044 4213 Αἰγύπτῳ
1074 4133 1226 4210 γενόμενοι
1253 4137 1304 4192 καὶ
1326 4128 1385 4193 ἀπὸ
1409 4133 1565 4203 Μωυσέως
1587 4136 1636 4190 καλ
1658 4134 1713 4191 τῶν
1734 4129 1891 4209 προγόνων
1912 4129 2000 4191 αὑτοῦ
2023 4135 2100 4193 θεο-

579 4224 691 4298 σεβείας
722 4219 926 4302 ὠφεληθέντες.
982 4218 1027 4281 Οὔ
1054 4220 1112 4298 γὰρ
1134 4219 1295 4280 λανθάνειν
1316 4215 1410 4291 ἐνίους
1430 4217 1515 4295 ὑμῶν
1538 4217 1688 4294 81881-
1710 4250 1753 4263 -
1775 4215 1819 4277 ὅτι
1841 4222 1890 4276 καλ
1906 4215 2029 4299 Ὀρφεὺς
2051 4225 2102 4280 καῖ

571 4309 701 4387 Ὅμηρος
723 4314 772 4368 καλ
794 4308 899 4368 Σόλων
920 4312 970 4368 καὶ
992 4305 1179 4386 Πυθαγόρας
1201 4312 1249 4365 καὶ
1273 4304 1402 4366 Πλάτων
1428 4310 1494 4364 καῖ
1501 4304 1587 4364 ἄλλοι
1608 4301 1731 4377 τινεςέν
1753 4306 1784 4383 τῇ
1807 4302 1948 4384 Αλγύπτῳ
1977 4304 2101 4383 γενόμε-

578 4419 641 4467 ναι,
676 4399 726 4455 καὶ
755 4391 787 4455 ἐκ
812 4398 857 4470 τῆς
880 4396 1037 4467 Μωυσέως
1067 4393 1194 4473 ἱστορίας
1216 4389 1449 4471 ὥφεληθέντις”
1431 4408 1549 4470 emper
1570 4387 1683 4451 ἒνανιία
1704 4394 1761 4452 τῶν
1782 4390 1922 4468 πρότερον
1942 4391 1983 4469 μὴ
2005 4394 2102 4465 καλῶς

578 4487 643 4561 περὶ
669 4485 751 4544 θεῶν
781 4478 993 4554 δοξάντων
958 4486 1056 4554 αυτοῖς
1077 4478 1269 4563 ἀπεφήναντο.
1324 4478 1371 4538 cf.
1393 4476 1531 4556 Theoph.
1553 4478 1592 4537 ad
1616 4478 1719 4537 Autol.
1739 4478 1783 4549 11,
1807 4497 1832 4535 8.
1850 4480 1899 4535 12.
1950 4478 2051 4553 0118,
2054 4479 2102 4553 ,(18
2153 4471 2167 4490 '

577 4570 691 4630 Justini
721 4570 838 4647 scriptis
867 4579 898 4628 et
928 4567 1087 4627 doctrinm*
1109 4587 1139 4646 p.
1156 4569 1206 4626 82.
1260 4565 1391 4625 Clausen
1422 4564 1636 4643 A„pologetae
1667 4565 1738 4624 8881.
1768 4562 1828 4623 chr.
1858 4576 1928 4625 8818
1949 4525 2103 4626 Theodec.

578 4655 1168 4735 Ρ181.81888888111188.8111111887
1192 4662 1274 4731 etp.
1294 4654 1343 4712 99.

691 4760 720 4840 3)
743 4759 804 4820 Sed
827 4778 901 4819 8818
922 4779 960 4818 88
982 4758 1195 4837 philosophicis
1217 4757 1352 4817 formulis
1383 4756 1558 4835 apologetas
1584 4773 1654 4813 8888
1686 4771 1753 4811 esse
1776 4752 1922 4830 opineris,
1955 4775 2046 4815 unum
2070 4754 2101 4814 id

578 4845 712 4918 molitos,
746 4856 779 4906 ut
808 4845 1002 4926 philosophos
1031 4846 1068 4905 de
1096 4844 1244 4921 evangelii
1267 4845 1394 4902 veritate
1417 4841 1626 4923 persuadeant.
1680 4837 1727 4898 cf.
1750 4838 1875 4914 Baumg
1877 4841 2054 4902 -01881881
2077 4861 2100 4901 c.

579 4892 1501 5010 8187111.Αο1818818,8110188118Ρ1118“ρ..3
1546 4927 1724 4987 Taschirner
1747 4925 1793 4985 l.l.
1808 4945 1838 5004 p.
1856 4930 1926 4989 245.
1973 4928 2104 4988 Clausen

580 5022 598 5078 l.
620 5037 645 5077 c.
668 5038 697 5097 p.
723 5022 772 5080 22

1796 5124 1818 5194 2
