5034 6084
1220 668 1242 737 3

462 870 609 970 scriptis
635 895 712 941 non
738 868 972 942 inveniantur
1006 866 1223 967 disciplinae
1249 865 1454 940 accuratius
1482 865 1725 964 omnibusque
1750 892 1793 940 ex
1821 864 1987 964 partibus

335 1048 339 1055 ,
462 972 642 1068 excultae,
682 970 771 1068 quin
804 984 933 1043 contra
966 970 1181 1070 plerumque
1213 969 1379 1069 ipsorum
1402 967 1591 1043 doctrinae
1618 968 1768 1041 nonnisi
1794 967 1987 1040 occasione

460 1074 584 1148 oblata
608 1072 849 1173 proferantur,
872 1099 986 1170 quum
1002 1070 1255 1146 lubentissime
1282 1069 1432 1169 quidem
1458 1069 1506 1142 ad
1532 1070 1670 1143 fructus
1700 1068 1871 1169 delegare
1890 1067 1983 1142 sole·

460 1190 559 1271 rent,
587 1201 679 1273 quos
702 1173 794 1248 fides
822 1174 1022 1248 ch1·istiana
1047 1174 1087 1247 in
1109 1186 1185 1246 tota
1209 1174 1460 1247 confessorum
1487 1171 1563 1245 vita
1587 1171 1811 1247 instituenda
1835 1171 1984 1265 tuhsset,

462 1276 669 1352 necessario
694 1289 818 1350 tamen
845 1302 995 1374 operam
1012 1275 1152 1349 dabant
1167 1273 1356 1348 doctrinae
1373 1274 1594 1347 christianae
1611 1274 1860 1368 illustrandae,
1884 1272 1985 1345 cuius

461 1380 606 1479 copiam
628 1405 673 1452 ex
698 1377 772 1453 fide
799 1376 998 1451 christiana
1032 1391 1206 1472 sumtam,
1241 1375 1450 1449 multifariis
1476 1375 1632 1449 ethnicis
1656 1377 1844 1450 sententiis
1871 1401 1985 1475 oppo-

461 1496 600 1557 nerent.
661 1479 765 1569 Quae
800 1479 949 1577 quidem
983 1480 1064 1578 ipsa
1091 1479 1172 1553 fieri
1205 1505 1282 1551 non
1306 1492 1483 1577 poterant,
1510 1477 1583 1551 nisi
1609 1478 1721 1552 fidem
1748 1478 1984 1551 christianam

459 1584 507 1657 ad
533 1597 648 1656 artem
673 1606 845 1657 revocare
872 1581 1068 1676 studerent,
1091 1595 1131 1654 ut
1156 1580 1311 1655 ethnicis
1339 1580 1525 1655 sententiis
1553 1579 1749 1653 formulam
1777 1579 1984 1679 quamdam,
2102 1591 2104 1596 '

457 1711 612 1783 eamque
639 1684 686 1757 ab
714 1683 917 1773 eruditione
943 1710 1020 1759 non
1044 1709 1194 1782 prorsus
1218 1682 1393 1777 alienam,
1428 1708 1547 1779 neque
1572 1682 1732 1782 eleganti
1757 1682 1987 1755 ethnicorum

459 1786 635 1885 loquendi
661 1785 795 1859 rationi
820 1786 930 1885 plane
957 1784 1173 1859 dissimilem
1201 1801 1439 1883 opponerent.

571 1888 796 1988 Apologetas
821 1914 908 1961 vero
933 1912 1088 1987 graecae
1115 1886 1330 1961 eruditionis
1363 1900 1399 1960 et
1423 1886 1678 1986 philosophiae
1704 1885 1814 1986 plane
1835 1886 1986 1986 ignaros

461 2017 537 2064 non
559 1990 689 2083 fuisse,
724 1990 797 2062 iam
825 2016 845 2063 e
874 1989 1017 2089 graecis
1050 1989 1168 2088 poetis
1195 2001 1230 2063 et
1256 1986 1495 2087 scriptoribus
1522 1989 1621 2062 haud
1648 2014 1731 2061 raro
1762 1988 1809 2059 ab
1836 1987 1881 2059 iis
1907 1987 1985 2059 lau·

459 2093 555 2166 datis
577 2104 685 2191 patet,
713 2118 757 2164 ex
783 2091 971 2166 sententiis
997 2106 1159 2165 veterum
1185 2089 1490 2190 philosophorum
1522 2118 1629 2190 saepe
1656 2089 1775 2163 allatis
1797 2105 1832 2163 et
1857 2115 1902 2162 ex
1928 2115 1985 2162 re-

459 2195 583 2268 futatis
609 2219 734 2267 eorum
755 2191 968 2293 disciplinis,
995 2193 1090 2267 inter
1116 2219 1154 2266 se
1169 2191 1471 2291 discrepantibus.
1524 2193 1652 2291 Neque
1668 2190 1892 2292 primoribus
1905 2206 1986 2263 tan-

456 2312 533 2371 tum
569 2294 683 2368 labris
719 2294 842 2369 literas
880 2309 915 2370 et
939 2294 1213 2394 philosophiam
1239 2294 1323 2366 illos
1350 2295 1447 2367 viros
1472 2308 1656 2395 gustasse,
1686 2292 1890 2385 neminem,
1920 2293 1983 2391 qui

461 2399 595 2497 scripta
618 2423 744 2471 eorum
770 2398 978 2495 inspexerit,
1007 2396 1143 2470 latebit.
1194 2396 1389 2470 Praeterea
1417 2422 1510 2495 quae
1536 2411 1684 2470 narrata
1705 2394 1912 2494 accepimus
1938 2394 1986 2468 ab

460 2501 542 2575 aliis
574 2499 747 2574 ecclesiae
783 2497 996 2573 doctoribus
1027 2497 1073 2572 de
1112 2499 1186 2572 rita
1220 2525 1346 2572 eorum
1374 2512 1409 2572 et
1434 2499 1648 2594 eruditione,
1676 2523 1841 2596 quaeque
1863 2496 1987 2570 oblata
2087 2576 2095 2589 ,

459 2602 652 2677 occasione
679 2600 725 2674 ab
752 2600 842 2700 ipsis
875 2601 922 2674 iis
949 2602 1211 2674 confirmantur
1237 2617 1273 2675 et
1305 2615 1519 2697 narrantur,
1555 2599 1726 2673 omnibus
1758 2598 1984 2673 Graecorum

457 2704 597 2780 artibus
621 2730 684 2777 eos
710 2702 870 2776 eruditos
896 2702 1019 2794 fuisse,
1048 2703 1133 2777 satis
1159 2701 1302 2776 docent.
1356 2702 1515 2775 Iustinus
1543 2702 1607 2800 qui
1634 2717 1722 2775 tunc
1746 2701 1854 2775 etiam
1882 2715 1981 2801 post-

458 2833 569 2906 quam
597 2804 645 2877 ad
673 2828 778 2877 sacra
805 2805 1004 2878 christiana
1020 2805 1174 2899 transiit,
1200 2803 1496 2903 philosophicum
1512 2805 1665 2905 pallium
1682 2802 1884 2902 retinuit1),
1909 2829 1985 2876 non

458 2909 576 2983 solum
603 2905 769 2979 Platonis
791 2904 958 2978 doctrina
985 2906 1102 2981 obiter
1124 2932 1163 2980 se
1190 2894 1407 2979 delectatum
1429 2932 1509 2980 esse
1534 2906 1724 3006 profitetur
1738 2906 1787 3004 ²),
1816 2904 1880 2980 sed
1906 2905 1983 3005 ipse

457 3023 583 3083 narrat
599 3008 628 3106 ³)
663 3032 742 3080 sese
778 3006 924 3081 ethnica
957 3007 1192 3107 philosophia
1218 3006 1401 3081 eruditum
1423 3033 1501 3081 esse
1525 3022 1560 3083 et
1585 3007 1793 3082 interfuisse
1819 3008 1983 3107 philoso-

456 3113 616 3213 phorum
641 3109 841 3209 palaestris.
886 3109 1053 3183 Primum
1075 3110 1174 3184 enirn
1200 3107 1323 3183 Stoico
1350 3108 1494 3183 cuidam
1520 3136 1669 3210 operam
1696 3108 1866 3205 naiabat,
1894 3136 1984 3207 quo-

454 3240 540 3288 cum
567 3213 654 3286 satis
682 3210 745 3284 diu
771 3225 957 3308 versatus,
993 3213 1079 3310 quia
1110 3211 1204 3285 nihil
1234 3211 1391 3312 amplius
1418 3211 1607 3287 didicisset
1628 3211 1674 3285 de
1696 3210 1766 3286 deo
1792 3213 1892 3312 (nam
1918 3237 1983 3285 ne·

456 3342 526 3415 que
547 3316 626 3414 ipse
650 3313 826 3413 magister
859 3313 1007 3408 sciebat,
1035 3338 1106 3389 nec
1130 3314 1374 3389 necessariam
1399 3340 1479 3388 esse
1493 3312 1645 3413 putabat
1659 3313 1757 3386 hanc
1775 3312 1979 3411 scientiam)

402 3480 409 3496 .
449 3417 618 3492 discessit
632 3416 679 3490 ab
707 3443 761 3489 eo.
814 3415 905 3490 Inde
921 3416 969 3489 ad
985 3416 1267 3515 Peripateticum
1286 3443 1325 3490 se
1351 3416 1526 3510 contulit,
1556 3442 1664 3514 quem
1695 3442 1808 3513 quum
1836 3415 1980 3515 argenti

449 3520 588 3621 potius,
628 3544 739 3616 quarn
767 3517 1023 3617 philosophiae
1050 3518 1190 3592 videret
1219 3517 1445 3613 studiosum,
1482 3519 1637 3590 missum
1670 3517 1765 3592 fecit.
1818 3517 1979 3590 Posthac

452 3620 730 3697 celeberrimum
762 3618 853 3691 adiit
877 3619 1170 3721 Pythagoreum,
1205 3619 1394 3693 hominem
1422 3646 1603 3692 summam
1628 3646 1716 3719 prae
1741 3647 1780 3693 se
1802 3620 1978 3720 ferentem

449 3722 679 3823 sapientiam.
733 3720 933 3795 Confessus
970 3749 1055 3796 vero
1086 3749 1124 3796 se
1159 3722 1316 3795 musices
1351 3735 1385 3795 et
1424 3722 1670 3796 astronomiae
1695 3736 1731 3795 et
1756 3720 1979 3821 geometriae

449 3824 663 3924 disciplinas
684 3823 844 3916 nescire,
873 3822 1047 3897 dimissus
1082 3838 1145 3898 est.
1198 3821 1343 3897 Deinde
1370 3823 1522 3897 moleste
1549 3825 1671 3898 ferens
1699 3823 1799 3920 quod
1826 3848 1890 3921 spe
1918 3848 1979 3896 ex-

450 3927 617 4019 cidisset,
653 3924 798 3998 ‘scholis
832 3924 905 3998 illis
939 3925 1206 4025 philosophicis
1231 3926 1353 4000 valere
1379 3926 1498 4021 iussis,
1526 3923 1573 3998 ad
1597 3923 1808 3999 Platonicos
1835 3950 1980 4021 quoque

452 4029 518 4129 qui
545 4042 580 4102 et
604 4026 675 4127 ipsi
707 4053 843 4127 magna
874 4027 913 4099 in
943 4028 1066 4128 gloria
1100 4042 1218 4121 erant,
1252 4054 1291 4102 se
1325 4028 1491 4102 conferre
1513 4026 1699 4099 constituit
1721 4041 1756 4098 et
1781 4024 1980 4124 plurimum

453 4129 666 4206 versabatur
690 4152 773 4202 cum
798 4128 877 4201 viro
905 4129 1066 4226 quodam
1092 4129 1264 4229 prudenti
1286 4143 1321 4203 et
1346 4129 1441 4204 inter
1462 4126 1672 4201 Platonicos
1687 4127 1887 4222 excellenti,
1916 4127 1979 4225 qui

454 4240 536 4308 tum'
557 4231 707 4305 Flaviae
734 4230 902 4331 degebat.
942 4231 1070 4329 Itaque
1092 4232 1159 4306 etsi
1196 4232 1268 4304 vim
1298 4258 1408 4328 quam
1435 4229 1650 4330 disciplinae
1677 4229 1980 4329 philosophorum

453 4335 771 4435 Pythagoreorum
795 4347 830 4406 et
856 4332 1181 4432 Peripateticorum
1204 4333 1252 4406 ad
1276 4331 1517 4406 excolendum
1544 4331 1673 4405 lustini
1698 4331 1888 4430 ingenium
1912 4330 1979 4403 ha-

455 4437 617 4529 buerint,
653 4434 781 4534 magni
808 4436 928 4509 facere
958 4461 1032 4508 non
1059 4461 1272 4534 possumus,
1307 4432 1494 4508 «lustinum
1516 4433 1771 4533 philosophiae
1795 4459 1919 4507 amore
1946 4446 1981 4507 et

568 4725 598 4801 1)
623 4724 735 4785 Euseh.
759 4724 838 4783 Hist.
869 4724 973 4782 eccles.
995 4722 1049 4791 lv,
1083 4727 1141 4781 11:
1168 4721 1327 4799 Ἰοοσιῖιος
1350 4723 1381 4786 ἐν
1403 4727 1570 4809 φιλοσόφου
1600 4725 1721 4805 σχήματι
1744 4723 1908 4801 πρεσβεύων
1932 4720 1978 4780 τὸν

454 4815 540 4872 θεῖον
561 4810 658 4888 λόγον.
704 4812 785 4871 Dial.
807 4830 831 4868 c.
854 4810 906 4867 Tr.
930 4829 954 4868 c.
980 4814 995 4866 1
1020 4829 1049 4886 p.
1075 4810 1200 4871 217Βῦ
1224 4811 1369 4894 φιλόσοφε
1387 4818 1482 4892 χαῖρε,
1507 4815 1560 4896 ἔφη
1583 4815 1641 4893 (ιο.
1664 4811 1680 4872 ὁ
1707 4810 1855 4892 Τρύφων)
1880 4842 1921 4852 -
1941 4841 1976 4853 -
2102 4850 2106 4856 -

450 4898 521 4957 ὅταν
542 4894 598 4957 ἴδοι
623 4896 683 4957 τινὰ
707 4895 737 4958 ἐν
762 4896 884 4975 τοιούτῳ
904 4895 1026 4975 σχήματι
1050 4892 1186 4973 ἀσμένως
1209 4896 1286 4977 αὐτῷ
1309 4905 1517 4980 προςέρχομαι.

560 4984 588 5059 2)
612 4985 701 5062 Apol.
726 4987 753 5042 2.
776 5005 801 5043 ο.
826 4986 875 5042 12.
898 5004 927 5061 p.
950 4983 990 5042 50
1015 4984 1052 5039 Α.

567 5069 594 5149 3)
617 5070 697 5131 Dial.
721 5090 745 5129 c.
768 5071 819 5131 Tr.
854 5090 878 5129 ο.
905 5072 932 5127 2.
956 5068 1012 5147 (οά.
1038 5066 1164 5145 Ottolp
1200 5070 1260 5128 218
1285 5071 1321 5142 E,
1345 5071 1402 5151 (ed.
1428 5074 1502 5132 Mor.
1525 5082 1555 5132 et
1577 5073 1652 5153 col.)
1675 5090 1704 5149 p.
1729 5070 1790 5127 219
1814 5067 1935 5126 Auen.

1645 5173 1695 5249 1*
