5034 6084
1260 625 1401 718 aa,

511 807 759 907 probavimus.
811 808 949 905 Immo,
977 809 1009 882 si
1033 809 1072 882 id
1099 807 1366 908 disquisitionis
1396 821 1543 882 nostrae
1573 808 1799 908 propositum
1835 824 1930 886 esset
1955 825 1991 886 et
2015 839 2038 885 a

510 910 620 985 nobis
643 925 827 1011 ageretur,
853 938 898 986 ex
922 911 1094 986 omnibus
1119 910 1379 1010 Athenagorae
1406 910 1623 1009 scriptorum
1656 912 1837 1010 partibus,
1871 912 2034 987 Platoni-

510 1035 595 1086 cum
621 1039 704 1087 enm
731 1013 867 1113 egisse,
901 1013 1074 1088 facillime
1099 1012 1343 1088 demonstrari
1375 1024 1516 1111 posset,
1555 1026 1744 1111 praeterea
1777 1014 1862 1088 libri
1898 1014 1975 1090 eins
2000 1028 2035 1089 et

509 1113 690 1214 imprimis
716 1115 748 1188 is
774 1115 837 1214 qui
862 1128 978 1190 exstat
1007 1115 1054 1191 de
1087 1116 1351 1190 resurrectione
1388 1128 1632 1209 mortuorum,
1669 1129 1744 1188 tam
1780 1116 2034 1217 philosophico

506 1218 686 1292 sermonis
710 1244 847 1318 genere
873 1217 1068 1318 conscripti
1090 1230 1191 1312 sunt,
1220 1231 1255 1293 et
1279 1215 1435 1292 eruditio
1451 1216 1528 1290 eius
1543 1216 1849 1316 philosophorum
1864 1245 1908 1293 ex
1927 1219 2033 1294 scho-

507 1318 551 1391 lis
574 1320 685 1418 petita
718 1333 793 1393 tam
818 1319 1031 1415 manifesta,
1065 1333 1104 1392 ut
1136 1319 1307 1419 antiquae
1340 1317 1596 1419 philosophiae
1630 1318 1785 1419 vestigia
1823 1321 1855 1394 si
1877 1346 1968 1419 quae
1993 1322 2033 1394 in

505 1420 563 1494 his
590 1420 694 1496 libris
732 1422 983 1517 inveniantur,
1017 1421 1118 1495 nullo
1145 1422 1256 1496 modo
1281 1420 1409 1494 mirari
1433 1420 1635 1520 possimus,
1668 1448 1713 1496 ex
1738 1423 1921 1496 contrario
1948 1450 2033 1497 vero
2077 1413 2081 1432 ¹

505 1522 537 1594 si
562 1523 899 1623 philosophicarum
926 1522 1203 1624 disciplinarum
1229 1525 1285 1597 vis
1308 1522 1407 1624 apud
1432 1548 1515 1597 eum
1541 1523 1759 1622 reperiretur
1791 1524 1910 1620 nulla,
1948 1552 2034 1600 sane

504 1637 598 1699 esset
624 1625 721 1723 quod
748 1625 975 1699 miraremur.

617 1744 877 1845 Athenagorae
900 1743 946 1818 de
973 1744 1156 1818 creatione
1182 1758 1217 1818 et
1249 1744 1295 1819 de
1320 1744 1458 1818 mundo
1486 1757 1608 1818 creato
1635 1744 1787 1843 placita,
1822 1772 1898 1818 non
1934 1772 2032 1821 mere

503 1844 711 1941 christiana,
738 1847 796 1921 vel
823 1845 853 1919 si
880 1845 1088 1941 christiana,
1116 1872 1192 1919 non
1219 1847 1307 1920 satis
1333 1860 1456 1947 aperte
1480 1873 1599 1945 neque
1624 1847 1711 1921 satis
1738 1847 1834 1920 clare
1861 1873 2032 1947 expressa

503 1973 601 2043 esse,
638 1960 679 2021 ut
712 1947 912 2022 christiana
945 1948 1119 2048 cognosci
1152 1962 1319 2048 possent,
1363 1948 1428 2024 sed
1468 1948 1640 2047 reliquias
1678 1947 1857 2047 quasdam
1890 1949 2031 2049 antiqui

503 2048 674 2122 dualismi
699 2050 738 2122 in
764 2050 810 2123 iis
836 2050 1012 2145 inveniri,
1049 2049 1184 2124 infitias
1218 2050 1273 2125 ire
1308 2078 1384 2125 uon
1419 2051 1613 2151 potuimus.
1674 2051 1759 2125 Non
1792 2050 1914 2123 minus
1947 2079 2029 2151 per-

503 2150 650 2250 spicuus
671 2151 769 2226 idern
792 2153 860 2226 iste
886 2152 1087 2226 dualisruus
1113 2152 1356 2253 cognoscitur,
1385 2180 1496 2252 quum
1524 2152 1691 2251 quamvis
1712 2152 1854 2253 angelis
1875 2152 2031 2228 liberum

502 2251 692 2327 arbitrium
730 2280 808 2329 esse
842 2254 944 2328 nullo
978 2252 1090 2328 modo
1122 2282 1258 2355 negare
1289 2256 1376 2329 velit
1408 2254 1686 2355 Athenagoras,
1723 2254 1866 2355 spiritui
1904 2270 2032 2330 eontra

500 2353 619 2428 Deum
647 2356 856 2457 exsurgenti
882 2356 1027 2430 animus
1052 2357 1224 2431 materiae
1252 2357 1434 2431 studiosus
1461 2356 1654 2430 obiiciatur
1675 2357 1715 2455 1).
1780 2357 1848 2432 Est
1882 2357 2030 2456 quidem

500 2456 707 2553 fatendum,
734 2472 847 2532 totam
872 2472 1017 2559 patrum
1043 2459 1371 2534 ecclesiasticorum
1397 2458 1718 2558 daemonologiam
1745 2485 1790 2533 ex
1816 2473 1915 2534 certa
1940 2487 2028 2558 qua-

503 2557 589 2631 dam
613 2559 869 2660 philosophica
893 2560 1088 2661 disciplina
1114 2561 1246 2636 deduci
1277 2587 1350 2635 non
1378 2588 1503 2660 posse,
1540 2587 1652 2659 quum
1685 2562 1806 2660 potius
1839 2562 2027 2658 elementa,

502 2661 634 2758 quibus
662 2676 921 2758 exstrueretur,
948 2690 993 2738 ex
1017 2663 1204 2737 communi
1221 2664 1320 2736 illius
1342 2663 1516 2762 temporis
1539 2662 1721 2737 sentiendi
1746 2664 1887 2738 ratione
1911 2690 2028 2739 sume-

501 2776 598 2858 rent,
640 2790 711 2862 qua
743 2764 908 2839 iudaicae
942 2781 978 2840 et
1011 2765 1178 2840 ethnicae
1212 2764 1405 2864 opiniones
1431 2764 1749 2865 coniungerentur.
1817 2764 2030 2840 Narrationi

502 2865 597 2939 unde
623 2865 872 2939 doctrinarum
899 2867 1088 2940 exordium
1115 2867 1311 2961 ducerent,
1338 2865 1550 2940 notissimus
1577 2867 1639 2940 ille
1666 2868 1767 2942 locus
1794 2867 1886 2942 Gen.
1911 2868 2027 2963 VI‚2

499 2966 742 3062 inserviebat,
776 2994 848 3065 quo
875 2968 923 3041 ad
949 2994 992 3042 ea
1015 2995 1109 3067 quae
1134 2969 1179 3042 de
1206 2967 1349 3069 angelis
1380 2982 1590 3064 narrarent,
1626 2969 1805 3043 librorum
1841 2995 2027 3044 sacrorum

498 3069 715 3142 testimoniis
741 3069 809 3142 niti
833 3069 1043 3169 probanda,
1071 3070 1215 3170 saepius
1240 3069 1437 3145 utebantur
1460 3071 1674 3171 apologetae
1694 3073 1737 3171 2).
1801 3071 1944 3161 Quibus
1966 3098 2027 3146 ac-

496 3169 593 3244 cedit
616 3170 714 3270 quod
740 3172 942 3246 accuratior
968 3172 1214 3246 doctrinarum
1243 3172 1290 3247 de
1316 3171 1559 3247 daemonibus
1585 3173 1825 3248 conformatio
1851 3174 1891 3247 in
1917 3174 2027 3247 disci-

496 3272 608 3371 plinis
629 3273 812 3370 Platonis,
851 3273 1057 3348 Stoicorum
1092 3274 1246 3348 aliorum
1279 3273 1428 3350 nonnisi
1462 3274 1701 3372 obsequentia
1736 3275 1915 3376 quaedam
1949 3290 2027 3352 erat

497 3373 820 3475 philosophorum,
843 3375 1082 3476 popularibus
1109 3377 1345 3476 opinionibus
1372 3400 1556 3471 concessa,
1583 3376 1642 3451 vel
1666 3379 1848 3477 mythicus
1876 3378 2026 3478 quidam

496 3475 833 3576 philosophicarum
862 3478 1122 3553 sententiarum
1150 3479 1316 3576 vestitus,
1349 3505 1458 3578 quem
1482 3505 1527 3552 ex
1553 3481 1740 3553 communi
1767 3481 2026 3556 mutuabantur

496 3578 734 3679 mythologie.
787 3580 959 3654 Attamen
984 3579 1202 3654 Platonismi
1226 3580 1282 3653 vis
1307 3598 1475 3681 prompta
1500 3580 1540 3652 in
1567 3606 1609 3653 eo
1636 3593 1671 3655 et
1696 3598 1821 3683 aperta
1840 3598 1903 3677 est,
1926 3583 2024 3683 quod

496 3679 753 3780 Athenagoras
779 3707 855 3754 non
883 3682 986 3757 aliter
1011 3695 1118 3781 atque
1143 3680 1310 3756 Justinus
1340 3681 1537 3756 daemones
1553 3681 1729 3759 defecisse
1748 3684 1909 3785 putabat,
1937 3686 2022 3784 quia

494 3782 532 3854 in
559 3809 617 3857 res
642 3782 848 3856 mundanas
876 3784 933 3858 vel
957 3797 1118 3858 terrenas
1145 3782 1383 3858 inclinassent
1398 3784 1440 3882 ³).

609 3900 712 3991 Quae
739 3928 851 4001 quum
876 3903 928 3976 ita
961 3904 1034 3977 sint
1065 3903 1284 3978 Platonismi
1318 3904 1569 3978 auctoritatem
1598 3906 1855 4004 Athenagorae
1883 3906 1928 3981 de
1954 3908 2020 3982 ho-

494 4003 594 4077 mine
621 4004 825 4078 doctrinam
851 4032 926 4079 una
948 4006 1157 4105 complecti,
1190 4007 1360 4081 nonnulli
1392 4006 1461 4079 viri
1495 4006 1594 4079 docti
1627 4005 1833 4081 censebant
1895 4008 2021 4107 Itaque

492 4105 750 4206 Athenagoras
771 4106 871 4181 iuxta
896 4107 1061 4181 Platonis
1083 4107 1217 4208 placita
1242 4109 1409 4183 statiisse
1434 4107 1550 4181 videri
1577 4107 1718 4203 dicitur,
1745 4107 1863 4183 Deum
1886 4112 1934 4185 ab
1951 4111 2021 4184 ini-

493 4207 545 4281 tio
571 4207 693 4307 plures
720 4232 862 4284 creasse
888 4209 1050 4306 animas,
1076 4236 1170 4308 quae
1199 4210 1238 4283 in
1265 4236 1420 4311 corpora
1450 4208 1614 4282 humana
1642 4208 1843 4284 identidem
1870 4211 2019 4287 descen-

491 4308 597 4405 dant;
626 4335 736 4407 quarn
763 4312 981 4386 sententiam
1007 4328 1046 4385 ut
1072 4311 1246 4387 defendat
1270 4312 1326 4386 vir
1351 4310 1605 4407 doctissimus,
1633 4310 1872 4412 Clarissius4)
1897 4316 2018 4390 locum

605 4612 638 4694 1)
661 4612 699 4674 cf.
723 4612 827 4692 Suppl.
850 4633 906 4693 pro
930 4612 1000 4674 (lhr.
1022 4634 1046 4673 e.
1071 4616 1121 4673 27.

600 4698 629 4779 2)
651 4701 671 4758 l.
694 4700 715 4760 l.
737 4719 762 4758 c.
787 4704 845 4759 11:
871 4698 933 4761 ἔστι
955 4696 987 4760 δὲ
1008 4701 1097 4778 μηδὲν
1120 4697 1196 4778 ἡμᾶς
1220 4694 1393 4778 ἀμάρτυρον
1421 4698 1512 4776 λέγειν
1543 4694 1562 4756 ἃ
1587 4694 1618 4758 δὲ
1648 4703 1711 4765 τοῖς
1738 4696 1907 4775 προφήταις
1935 4698 2017 4761 ἐκπε-

491 4781 625 4861 coirqrut
645 4783 772 4862 μηνύειν.

599 4870 631 4949 3)
656 4872 996 4951 Baumgarten·0rusins
1020 4873 1038 4930 l.
1062 4874 1080 4932 l.
1104 4894 1132 4952 p.
1156 4869 1227 4933 990.
1251 4878 1283 4950 n)
1308 4872 1344 4931 V.
1368 4879 1525 4950 praeterea
1546 4870 1618 4930 Keil
1639 4872 1659 4929 l.
1682 4871 1700 4930 l.
1730 4891 1758 4949 p.
1783 4873 1844 4931 566
1867 4891 1931 4951 sqq.
1963 4871 2014 4931 Se·

488 4957 582 5017 misch
605 4960 624 5017 l.
646 4959 665 5018 l.
689 4959 734 5033 Π,
758 4981 787 5039 p.
811 4962 883 5022 387.

597 5046 629 5122 4)
654 5046 714 5105 tl.
738 5066 767 5125 p.
792 5050 863 5109 109.

1704 5156 1725 5226 9
