5034 6084
1230 654 1279 726 23

485 869 675 956 opponant
713 853 836 957 (τὸν
812 881 982 953 aspernor
1014 865 1075 929 καὶ
1110 854 1165 929 ἀεὶ
1198 854 1282 929 ὄντα
1311 857 1477 957 θεόν)ῑ,)
1515 869 1577 928 ant
1612 854 1642 928 si
1676 854 1738 928 hic
1770 855 2026 929 universorum

484 972 605 1057 pater,
642 974 682 1033 ut
716 986 739 1033 a
773 963 874 1056 λόγῳ
900 971 936 1033 et
968 985 991 1031 a
1017 959 1092 1032 filio
1126 958 1390 1059 distinguatur,
1429 959 1493 1060 qui
1527 963 1634 1031 v6rus
1665 955 1712 1030 sit
1735 957 1833 1031 Deus
1860 956 1938 1085 (6
1917 984 2027 1040 οντως

486 1060 588 1159 θεός)
616 1061 826 1136 nominetur
841 1061 884 1159 2).
945 1058 1160 1160 Eodemque
1185 1060 1297 1135 modo
1325 1089 1398 1161 quo
1425 1061 1606 1136 Iustinum
1640 1058 1735 1133 inter
1759 1067 1966 1159 προρρήσεις
1992 1073 2028 1134 et

486 1161 647 1257 ὀνόματα
683 1163 893 1237 distinxisse
928 1161 1105 1281 diximus,
1145 1162 1255 1238 etiam
1285 1162 1393 1238 Philo
1431 1161 1625 1281 distinguit
1640 1161 1690 1280 ὅι),
1716 1162 1850 1279 ‘qualis
1883 1162 2026 1236 videtur

486 1264 678 1340 Platonem
710 1278 871 1361 secutus,
906 1263 969 1363 qni
1001 1265 1162 1364 primum
1190 1265 1286 1339 inter
1317 1266 1535 1366 praecipuas
1570 1264 1746 1337 orationis
1781 1278 1902 1364 partes
1929 1277 2024 1338 recte

484 1366 697 1442 distinxisse
723 1367 865 1463 dicitnr,
890 1393 1001 1465 quum
1027 1367 1146 1462 ὄνομα
1172 1367 1271 1441 dicat
1290 1368 1547 1465 quodcumque
1573 1366 1724 1439 nornine
1750 1393 1816 1439 suo
1835 1365 2024 1465 propriam

485 1482 655 1544 naturam
680 1469 826 1564 indicet,
855 1471 954 1564 aqua
979 1496 1066 1544 vero
1093 1470 1133 1544 id
1160 1496 1232 1568 quo
1260 1468 1306 1543 de
1330 1470 1535 1544 actionibus
1559 1468 1721 1542 nominis
1744 1468 1884 1567 aliquid
1908 1493 2025 1542 enun-

485 1572 592 1646 tietur
605 1572 648 1671 4).
700 1570 817 1646 Itaet
803 1571 1076 1689 tTheophilus,
1106 1571 1171 1646 ubi
1191 1572 1311 1646 Deum
1337 1572 1613 1646 altissimnmet
1598 1570 1927 1669 tomnipotentem
1949 1595 2030 1642 non·

487 1674 603 1747 solum
630 1673 767 1773 ubique
794 1700 874 1749 esse
908 1672 1006 1770 dicit,
1042 1674 1168 1749 sedet
1154 1674 1244 1748 tiam
1269 1674 1393 1748 omnia
1416 1674 1606 1790 inspicere,
1633 1672 1758 1745 omnia
1784 1671 1929 1768 audire,
1959 1696 2024 1746 ne·
2042 1679 2046 1687 '

486 1775 572 1849 dum
600 1778 682 1851 loco
709 1775 900 1872 contineri,
928 1775 1141 1851 definitione
1167 1777 1289 1870 utitur,
1318 1803 1411 1875 quae
1435 1774 1586 1877 propria
1609 1787 1664 1848 est
1684 1773 1853 1848 Philonis
1881 1792 2024 1850 etcum

484 1878 548 1950 illo
575 1877 800 1978 philosopho
823 1877 870 1952 ad
898 1877 1050 1953 verbum
1085 1903 1221 1954 consen
1223 1879 1283 1975 tit,
1323 1877 1478 1972 docens,
1513 1877 1632 1951 Deum
1659 1877 1740 1949 loco
1765 1903 1842 1949 non
1867 1878 2023 1950 circum·

486 1979 616 2107 scribi,
653 1980 762 2055 sed
751 2008 872 2107 ipsum
909 2007 989 2055 esse
1021 1981 1187 2054 omnium
1236 1936 1358 2055 lobum
1394 1982 1498 2082 (θεὸς
1531 1987 1604 2079 γὰο
1632 1977 1674 2052 o6
1700 1985 1888 2078 propalam,
1924 1976 2022 2051 ἄλλα

486 2079 590 2163 αὐτός
625 2082 718 2155 ἐστιν
749 2089 855 2165 τόπος
879 2089 949 2154 τῶι
979 2080 1090 2184 ὅλων)
1107 2084 1225 2184 5).-
1285 2083 1413 2181 Itaque
1445 2083 1507 2182 qui
1540 2082 1633 2157 haec
1665 2081 1941 2182 apologetarum
1977 2080 2023 2155 de
2068 2146 2075 2155 .

486 2184 583 2301 Deq,
612 2184 730 2284 qualis
755 2211 822 2285 per
844 2212 883 2260 se
910 2185 974 2281 sit,
1008 2186 1143 2285 placita
1168 2212 1191 2259 a
1216 2184 1326 2259 nobis
1353 2186 1463 2259 allata
1470 2183 1703 2285 ,diligenter
1730 2208 1852 2258 secum
1877 2197 2022 2299 reputa·

373 2303 376 2307 '
484 2286 595 2382 verit,
631 2287 705 2360 iam
738 2286 907 2361 dubitare
940 2314 1016 2361 non
1037 2288 1199 2405 poterit,
1232 2286 1280 2360 ad
1313 2287 1424 2363 hasce
1459 2242 1644 2361 doctrinas
1678 2285 1895 2361 excolendas
1927 2299 2021 2358 antr-

486 2415 598 2506 quam
628 2389 948 2489 philosophiam
937 2389 1119 2490 rmprimis
1144 2389 1311 2463 Platonis
1346 2404 1382 2464 et
1408 2388 1575 2463 Philonis
1611 2388 1790 2463 rationem
1823 2389 2022 2461 maximam

485 2490 559 2563 ιιιιι
587 2490 772 2565 habuisse

584 2591 659 2667 Sed
682 2620 704 2666 a
704 2593 958 2693 pologetamm
985 2593 1031 2669 de
1055 2600 1157 2693 λόγῳ
1184 2592 1389 2668 doctrinam
1417 2593 1599 2669 illustrare
1625 2605 1810 2686 conantes,
1838 2592 2020 2666 artissime

485 2694 721 2769 coniunctam
747 2719 831 2769 cum
855 2695 920 2768 illa
946 2695 992 2771 de
1009 2697 1089 2772 Deo
1113 2694 1336 2796 quaestione,
1364 2696 1498 2769 clarius
1524 2696 1633 2771 etiam
1660 2693 1866 2795 apparebit
1876 2695 2022 2769 ethnica

490 2796 671 2871 sentiendi
705 2814 740 2872 et
777 2797 965 2895 cogitandi
997 2799 1090 2872 ratio
1128 2811 1302 2916 quarrtam
1338 2797 1413 2870 vim
1445 2798 1493 2872 ad
1519 2798 1796 2899 apologetarum
1824 2796 2020 2871 sententias

362 2937 369 2951 ·
488 2898 667 2973 habuerit.
728 2899 772 2972 In
799 2899 901 2972 cuius
928 2899 1116 2975 doctrinae
1142 2900 1254 2975 variis
1280 2900 1410 2972 formis
1437 2927 1529 2999 quas
1561 2913 1615 2974 tot
1641 2898 1891 2972 doctorum'
1856 2925 2021 2973 vrrorum

488 3000 679 3074 conatibus
714 3000 902 3097 induerat,
938 3027 1111 3102 expressa
1141 3002 1301 3076 cernitur
1336 3000 1461 3103 imago
1496 3000 1679 3076 iuvenilis
1700 3000 1949 3101 indagationis
1986 3016 2021 3075 et

488 3102 799 3220 investigationis,
836 3129 930 3200 quae
961 3103 1091 3203 primis
1125 3104 1300 3179 ecclesiae
1330 3103 1557 3203 temporibus
1583 3103 1793 3229 propriae
1781 3119 1887 3177 erant
1913 3102 2019 3175 indn-

489 3204 598 3279 striae
630 3205 706 3279 eius
741 3204 779 3278 in
816 3205 1050 3322 dogmatibus
1084 3205 1295 3281 excolendis
1329 3206 1519 3280 versantis.
1573 3204 1703 3279 hidem
1730 3203 2020 3304 philosophandi

487 3307 621 3381 rationi
647 3306 874 3381 eclecticae
863 3334 902 3378 ιιι
925 3306 983 3380 his
1002 3310 1280 3425 apologetarum
1299 3307 1503 3407 disciplinis
1525 3332 1768 3399 occurremus,
1796 3307 1854 3380 cui
1879 3321 1914 3381 et
1936 3307 2019 3407 phi·

487 3407 633 3507 losophi
659 3407 818 3482 labantis
845 3408 942 3482 illius
969 3409 1142 3509 antiquae
1167 3410 1425 3527 philosophiae
1459 3410 1586 3484 aetatis
1614 3408 1728 3484 dediti
1755 3423 1869 3483 erant.
1845 3409 2018 3483 tNam

486 3535 533 3583 ne
567 3509 688 3608 prisca
728 3509 876 3608 quidem
912 3510 1053 3587 Orient'
1028 3525 1074 3585 trs
1113 3511 1293 3629 sapientia
1331 3512 1499 3611 neglecta
1541 3511 1769 3586 diversarum
1808 3512 2017 3585 scholarum

486 3611 620 3728 placita
649 3624 684 3684 et
718 3611 812 3686 inter
844 3638 882 3686 se
917 3613 1122 3688 contrariae
1146 3613 1307 3713 rationes
1334 3614 1683 3709 commiscebantur,
1716 3627 1756 3687 ut
1778 3613 1827 3687 ad
1851 3614 2018 3688 altiorem

409 3741 419 3760 ·
480 3713 541 3785 int
527 3712 708 3787 tellectum
736 3729 1004 3789 revocarentur.

588 3815 759 3889 Attamen
801 3816 964 3891 maxima
1000 3818 1095 3893 inter
1132 3818 1265 3893 veteris
1301 3817 1477 3894 ecclesiae
1508 3820 1676 3895 doctores
1707 3832 1742 3893 et
1776 3817 2017 3934 philosophos
2130 3895 2136 3908 ,

486 3942 603 3992 novae
639 3917 872 3993 revelationis
906 3934 1090 4019 expertes,
1129 3920 1334 3996 differentia
1369 3921 1544 4017 occurrit,
1589 3948 1701 4020 quum
1735 3917 1859 3992 christ
1834 3932 2017 3993 tranornm

486 4019 763 4121 apologetarum
788 4019 992 4120 disciplinis
1018 4024 1165 4096 firmum
1192 4037 1228 4097 et
1258 4023 1417 4097 solidum
1443 4023 1723 4099 fundamentum
1750 4034 1860 4117 esset,
1895 4021 2016 4121 philo-

487 4121 595 4221 sophi
624 4136 751 4196 contra
780 4148 803 4195 a
826 4121 1035 4198 labantibus
1061 4124 1310 4200 fundamentis
1336 4126 1600 4226 cogitationum
1626 4122 1833 4198 aedificium
1864 4123 2015 4197 inchoa·

485 4237 577 4298 rent.
630 4224 757 4323 ltaque
784 4225 910 4298 omnia
934 4224 999 4299 illa
1022 4226 1155 4325 prioris
1178 4226 1395 4301 eruditionis
1420 4227 1615 4323 elementa,
1643 4226 1776 4325 quibus
1802 4226 2017 4343 apologetae

486 4325 638 4400 utebant
624 4340 692 4421 tnr,
719 4339 760 4399 ut
786 4326 1024 4401 christianam
1051 4328 1232 4472 sentiendi
1258 4343 1295 4405 et
1320 4328 1508 4430 cogitandi
1529 4331 1710 4404 rationem
1736 4342 1812 4402 arte
1835 4327 2015 4427 exprime-

595 4522 626 4599 1)
649 4522 731 4581 Just.
754 4520 843 4600 Apol.
867 4521 892 4591 I,
914 4541 938 4581 c.
964 4525 1013 4594 13,
1037 4541 1066 4600 p.
1091 4525 1131 4582 60
1154 4522 1190 4581 Ε.

593 4612 621 4688 2)
644 4609 735 4687 Apol.
757 4606 782 4680 1,
806 4627 830 4665 c.
855 4610 904 4666 13.
949 4607 1023 4667 Oolr.
1047 4608 1086 4667 ad
1110 4608 1216 4668 Graec.
1238 4629 1263 4667 e.
1289 4612 1339 4680 20,
1362 4631 1391 4688 p.
1411 4612 1450 4669 19
1474 4609 1509 4667 B.
1553 4628 1578 4667 c.
1603 4610 1654 4680 17,
1676 4627 1707 4685 p.
1729 4609 1768 4665 17
1793 4608 1831 4669 D.
1876 4610 2012 4688 'l'heopln

486 4697 535 4755 Ad
560 4696 662 4755 Amol.
683 4695 724 4769 ΙΙ,
749 4698 777 4764 3,
800 4713 829 4772 p.
853 4695 932 4769 3493
961 4694 1002 4753 II.
1025 4697 1044 4751 8
1068 4714 1097 4773 p.
1121 4697 1193 4755 354.

594 4783 624 4859 3)
650 4784 696 4841 De
718 4780 832 4841 consus.
854 4779 926 4855 ling.
951 4799 982 4858 p.
1007 4782 1079 4840 357.
1273 4786 1277 4793 '

594 4872 623 4947 4)
646 4869 683 4928 ef.
708 4870 785 4927 Plat.
809 4867 935 4926 'l'heaet
959 4886 988 4945 p.
1014 4869 1074 4926 189
1098 4866 1135 4924 E.
1179 4866 1278 4925 Ritter
1300 4875 1331 4923 et
1354 4866 1470 4924 Preller
1493 4866 1512 4925 l.
1535 4866 1555 4924 l.
1572 4860 1611 4944 p.
1631 4866 1692 4924 236
1716 4883 1791 4945 sqq,
1816 4867 1877 4925 238
1900 4887 1929 4926 n.
1952 4865 1992 4947 b).

592 4958 624 5032 5)
648 4954 697 5013 Ad
720 4956 821 5014 Autol.
843 4954 880 5026 H,
905 4957 923 5014 3
946 4973 976 5032 p.
1001 4955 1073 5014 349.
1129 4952 1177 5012 De
1200 4952 1335 5014 Philonis
1359 4952 1494 5011 doctrina
1515 4952 1553 5011 ef.
1577 4951 1686 5012 Diihno
1710 4950 1912 5024 „Geschichtl
1937 4952 2012 5011 Dar·

485 5043 617 5121 stellung
640 5042 693 5102 der
710 5041 779 5119 jud.
800 5040 939 5120 alexand.
960 5041 1027 5100 Rel.
1049 5042 1156 5119 philos.
1200 5039 1288 5098 Tom.
1309 5037 1335 5112 I,
1358 5059 1387 5117 p.
1412 5040 1470 5097 ‘281
1498 5059 1562 5119 sqq.
