5034 6084
1234 601 1282 671 54

492 795 546 888 sit,
574 791 755 892 imprimis
781 786 880 887 quod
906 785 954 859 ad
978 784 1112 884 placita
1136 783 1213 858 eius
1240 783 1285 858 de
1312 783 1399 884 logo
1426 798 1461 860 et
1487 784 1534 859 de
1560 785 1816 860 essentialibus
1841 786 2025 863 humanae

494 910 645 970 naturae
661 890 826 994 partibus
846 887 943 963 etad
961 888 1042 960 illas
1060 886 1106 960 de
1122 913 1161 959 re
1178 884 1298 959 ethica
1315 886 1513 961 sententias
1530 888 1666 984 attinet,
1676 914 1779 987 ,quae
1796 888 1898 987 ipsae
1912 915 2022 990 argu-

495 1011 618 1073 mento
637 1009 738 1089 sunt,
764 990 951 1065 Justinurn
978 1001 1122 1089 praeter
1140 987 1358 1061 rationalem
1375 988 1537 1062 animam
1554 990 1705 1064 alteram
1732 989 1853 1065 inesse
1879 989 2022 1065 irratio-

492 1101 614 1175 nalem
636 1121 802 1213 negasse,
831 1093 1027 1190 omniaque
1043 1104 1078 1165 et
1102 1089 1162 1189 pie
1185 1102 1219 1163 et
1240 1089 1409 1189 improbe
1429 1118 1451 1164 a
1468 1091 1577 1165 nobis
1594 1107 1676 1166 acta
1694 1119 1738 1166 ex
1761 1091 1890 1167 eodem
1909 1093 2020 1189 fonte,

494 1203 618 1277 anima
636 1196 816 1288 rationali,
843 1194 960 1269 libero
979 1194 1155 1265 instructa
1171 1191 1334 1288 arbitrio,
1360 1191 1473 1267 fluere
1489 1220 1572 1267 eum
1587 1194 1815 1269 existimasse
1827 1194 1867 1293 l),
1895 1211 2022 1288 exstat,

493 1304 633 1380 utiam
660 1300 707 1374 ad
733 1299 888 1372 aliorum
915 1295 1192 1396 apologetarum
1213 1292 1399 1367 doctrinas
1422 1296 1659 1394 exponendas
1682 1310 1930 1394 transeamus;
1959 1298 2022 1396 qui

494 1409 563 1483 bus
587 1402 789 1478 accuratius
813 1398 1011 1499 exploratis
1039 1397 1183 1471 Stoicae
1209 1395 1466 1496 philosophiae
1495 1398 1649 1499 vestigia
1675 1398 1786 1472 etiam
1812 1398 1851 1472 in
1878 1398 1924 1472 iis
1949 1427 2019 1472 nos

494 1537 569 1583 non
597 1504 769 1580 latebunt.

595 1608 696 1683 Sicut
720 1604 900 1679 Iustinum
923 1630 1028 1678 suam
1054 1601 1100 1676 de
1126 1601 1213 1700 logo
1240 1599 1443 1676 doctrinam
1472 1618 1617 1701 praeter
1643 1617 1780 1677 ceteras
1807 1603 2023 1703 disciplinae

493 1727 614 1815 partes
640 1734 809 1782 narrasse
835 1721 871 1782 et
891 1706 1091 1780 illustrasse
1114 1701 1310 1776 manifesto
1336 1702 1505 1799 vidimus,
1536 1704 1586 1780 ita
1613 1703 1791 1780 Tatianus
1818 1705 2024 1779 doctrinam

493 1816 539 1890 de
563 1811 690 1915 spiritu
718 1809 930 1909 diligentius
957 1805 1124 1906 exposuit
1144 1819 1179 1879 et
1197 1803 1243 1878 de
1270 1831 1314 1879 ea
1340 1804 1548 1905 disputavit,
1576 1832 1686 1904 quam
1708 1822 1909 1882 ceterorum
1927 1807 2024 1881 ullus

494 1918 591 1991 illius
617 1912 792 2013 temporis
811 1910 986 1985 ecclesiae
1005 1908 1207 1981 doctorum.
1247 1906 1344 1980 Nam
1372 1908 1550 1982 sententia
1568 1908 1631 1982 illa
1650 1909 1811 1983 virorum
1833 1910 2024 1983 doctorum

495 2021 615 2094 minus
639 2018 763 2109 firma,
798 2011 1026 2109 nimiumque
1051 2008 1140 2083 levis
1168 2008 1365 2082 Tatianum
1392 2036 1469 2083 non
1496 2010 1705 2087 distinxisse
1730 2012 1825 2086 inter
1850 2012 1962 2112 logon
1990 2026 2025 2085 et

493 2121 671 2222 spiritum,
699 2115 843 2214 saepius
862 2112 935 2187 iam
962 2112 1115 2186 refutata
1141 2125 1205 2203 est,
1233 2110 1283 2184 ita
1302 2126 1341 2185 ut
1366 2110 1478 2187 hodie
1500 2112 1561 2185 vix
1587 2112 1652 2207 sit,
1679 2112 1719 2186 id
1746 2113 1807 2211 qui
1828 2113 2024 2188 defendere

494 2239 690 2298 conaturus
718 2217 773 2291 sit.

596 2323 724 2419 ltaque
757 2343 849 2417 quae
869 2316 1037 2392 dustinus
1064 2317 1150 2417 logo
1179 2314 1323 2410 tribuit,
1364 2315 1492 2390 eadem
1525 2342 1548 2388 a
1577 2315 1732 2391 Tatiano
1767 2323 1817 2415 aqi
1850 2323 2022 2409 πνεύματι

494 2425 642 2502 attribui
676 2421 784 2496 facile
818 2420 1076 2521 intelligemus.
1137 2417 1234 2491 Nam
1263 2418 1356 2491 sicut
1389 2444 1434 2491 ex
1455 2415 1592 2491 Justini
1626 2418 1794 2493 doctrina
1830 2419 1929 2518 quod
1955 2419 2023 2491 hu-

494 2554 625 2604 manae
651 2538 803 2598 naturae
837 2522 1026 2622 proprium
1053 2535 1126 2617 est,
1158 2520 1198 2592 in
1224 2520 1287 2593 illo
1323 2531 1499 2613 σπέρματι
1533 2524 1729 2614 τοῦλόγου
1759 2522 1903 2595 homini
1937 2520 2024 2594 inde

494 2633 541 2707 ab
577 2628 681 2702 initio
709 2625 818 2699 insito
854 2622 1102 2722 quaerendum
1137 2636 1208 2715 est,
1245 2624 1296 2696 ita
1322 2622 1517 2718 Tatianus,
1553 2621 1653 2719 quod
1688 2623 1784 2697 infra
1821 2623 2025 2697 accuratius

494 2731 737 2822 ostendemus
764 2726 802 2800 id
827 2754 899 2825 quo
924 2725 1085 2798 humana
1105 2737 1236 2797 natura
1263 2750 1347 2798 vere
1374 2724 1602 2798 discernatur
1624 2750 1646 2796 a
1667 2724 1866 2798 bestiarum
1893 2740 2025 2798 natura

493 2851 529 2912 et
559 2860 631 2932 quo
665 2832 776 2904 homo
812 2854 892 2902 eum
929 2826 1055 2900 divina
1089 2841 1219 2900 natura
1245 2824 1506 2927 coniungatur,
1547 2824 1586 2897 in
1618 2826 1743 2899 divino
1776 2827 1905 2927 spiritu
1940 2853 2023 2900 cum

492 2932 725 3038 protoplastis
762 2930 1030 3005 communicato
1064 2928 1223 3002 inveniri
1256 2927 1380 3025 docet,
1418 2928 1511 3001 sieut
1545 2942 1665 3001 autem
1699 2928 1869 3004 homines
1905 2928 2022 3002 libero

494 3038 646 3113 arbitrio
678 3033 851 3134 praediti,
883 3059 994 3130 quum
1022 3044 1234 3130 peccassent
1268 3043 1302 3103 et
1328 3046 1472 3105 aresta
1502 3030 1549 3103 ad
1585 3030 1845 3129 perfectionem
1868 3031 2022 3105 ducente

379 3195 386 3206 ·
414 3215 424 3226 ,
493 3143 553 3215 via
579 3139 827 3230 aberrassent,
854 3133 945 3206 illud
973 3144 1118 3228 σπέρμα
1137 3138 1196 3205 τοῦ
1222 3135 1334 3224 λόγου
1360 3131 1618 3232 opprimebant
1643 3146 1678 3206 et
1703 3132 1944 3229 cohibebant,
1973 3133 2023 3205 ita

494 3271 538 3319 ex
566 3239 713 3315 'Patiani
748 3235 943 3331 sententia,
975 3254 1123 3335 peccato
1150 3233 1347 3308 commisso
1384 3234 1551 3333 spiritum
1578 3234 1779 3308 amiserunt
1812 3249 1848 3311 et
1873 3235 2022 3308 nonnisi

495 3341 727 3418 scintillulam
773 3337 970 3438 quamdam
1016 3336 1093 3411 eius
1136 3335 1342 3410 servabant.
1410 3334 1672 3409 Recorrdliatio
1714 3363 1800 3411 vero
1839 3338 2024 3410 humanae

493 3446 636 3521 animae
658 3468 740 3516 oum
767 3442 857 3533 Deo,
885 3467 1006 3538 aquo
1034 3437 1177 3533 defecit,
1209 3465 1277 3537 per
1300 3463 1436 3511 novam
1461 3436 1658 3535 quamdam
1685 3438 1832 3539 spiritus
1860 3464 2023 3513 commu-

493 3547 713 3622 nicationem
742 3542 910 3637 efficitur,
943 3568 1037 3640 quae
1062 3541 1142 3641 ipsa
1178 3541 1220 3614 fit
1253 3540 1339 3640 logo
1370 3538 1627 3614 intercedente.
1687 3538 1744 3613 Ex
1772 3568 1843 3640 qua
1877 3540 2024 3639 spiritus

493 3647 766 3748 recuperatione
798 3644 907 3718 etiam
935 3642 1243 3717 immortalitatem
1278 3640 1536 3739 victricemque
1568 3641 1883 3741 impugnationem
1910 3658 1946 3716 et
1968 3642 2022 3715 ul-

493 3752 620 3826 timam
643 3748 731 3821 mali
770 3745 1038 3845 superationem
1070 3743 1230 3844 pendere
1256 3744 1379 3835 docet,
1418 3770 1512 3842 quae
1548 3744 1749 3817 seeundum
1775 3745 1955 3818 Iustinum
1980 3770 2024 3818 ex

494 3851 790 3927 reconciliatione
817 3871 900 3920 curn
923 3861 998 3920 toto
1025 3863 1060 3921 et
1084 3861 1180 3920 recto
1205 3847 1291 3947 logo
1318 3844 1496 3944 pondere,
1523 3871 1633 3944 supra
1656 3846 1895 3921 ostendimus.

593 3953 641 4028 Ut
661 3979 747 4026 vero
775 3948 922 4023 Tatiani
946 3948 1150 4021 doctrinam
1184 3946 1388 4021 accuratius
1414 3948 1669 4047 explanemus,
1706 3974 1851 4047 quoque
1879 3948 2023 4023 creber-

492 4059 586 4133 rima
612 4055 755 4129 Stoicae
807 4049 1038 4150 hilosophiae
1065 4050 1218 4149 vestigia
1252 4048 1413 4124 securius
1439 4075 1719 4148 persequamur,
1757 4050 1946 4125 exordium
1975 4050 2023 4124 ab

494 4160 572 4236 eius
606 4156 651 4231 de
684 4080 850 4255 partibus
887 4153 1070 4227 humanae
1108 4165 1259 4225 naturae
1298 4150 1465 4225 doctrina
1502 4150 1711 4225 faciendum
1754 4179 1833 4227 esse
1869 4153 2023 4227 ridetur.

494 4259 601 4337 Unde
632 4256 787 4358 profecti
817 4282 860 4330 eo
887 4253 1031 4328 facilius
1065 4280 1188 4328 veram
1214 4252 1361 4326 Tatiani
1397 4253 1614 4326 sententiam
1649 4278 1872 4353 cognoscere
1909 4270 1944 4329 et
1980 4282 2024 4329 ex

492 4362 655 4438 fontibus
674 4358 854 4433 deducere
872 4355 1081 4456 poterimus,
1112 4382 1224 4453 quum
1241 4354 1280 4427 in
1298 4354 1474 4429 Oratione
1493 4354 1542 4427 ad
1559 4353 1732 4450 Graecos,
1763 4357 1811 4430 ad
1828 4384 1905 4431 rem
1926 4356 2023 4429 chri-

494 4464 650 4539 stianam
668 4458 936 4536 defendendam
954 4457 1169 4558 conscripta,
1193 4483 1360 4556 quaeque
1376 4483 1451 4529 una
1467 4482 1511 4531 ex
1525 4456 1650 4529 multis
1666 4458 1811 4557 scriptis
1827 4470 1952 4551 exstat,
1978 4458 2024 4533 de

492 4561 796 4665 anthropologica
819 4559 986 4633 doctrina
1010 4560 1141 4635 iterum
1168 4584 1212 4633 ac
1246 4558 1391 4659 saepius
1418 4558 1596 4633 subtiliter
1625 4572 1660 4633 et
1683 4584 1726 4633 co
1754 4559 1831 4634 iose
1857 4558 2022 4635 disserat.

596 4666 771 4740 Tatianus
809 4662 848 4737 in
879 4661 1089 4737 definienda
1129 4660 1292 4735 hominis
1326 4675 1458 4734 natura
1488 4687 1510 4734 a
1540 4658 1682 4735 Veteris
1717 4588 1942 4736 'iesmmenn
1977 4661 2024 4736 de

496 4768 657 4846 hominis
684 4766 867 4841 creatione
897 4778 932 4839 et
966 4763 1012 4839 de
1039 4763 1158 4865 primo
1189 4776 1338 4863 peccato
1372 4762 1582 4839 narratione
1615 4776 1738 4862 aperte
1769 4764 2022 4862 proficiscitur.

572 5014 612 5091 ’1)
636 5010 780 5072 Duuoher
801 5010 821 5069 l.
842 5009 861 5070 l.
884 5029 915 5088 p.
940 5010 988 5067 16.
