5034 6084
1249 662 1345 756 49·

515 964 612 1039 α’λλά
643 970 979 1059 μεταλαμβάνουσα
1002 971 1060 1059 τῆς
1084 969 1186 1057 ζωῆς.
1223 968 1342 1063 ἕτερον
1369 969 1410 1039 δέ
1431 991 1463 1039 τι
1486 973 1525 1039 τὸ
1550 980 1700 1060 μετέχον
1724 976 1815 1049 τινος
1841 969 1975 1042 ἐκείνου
2001 965 2043 1043 οὗ

515 1083 665 1163 μετέχει.
718 1074 821 1162 Ζιυῆς
845 1071 882 1143 <tt
907 1074 1005 1166 ψυχὴ
1028 1080 1167 1162 μετέχει
1195 1068 1270 1141 ἐπεὶ
1304 1074 1367 1163 ζῆν
1397 1067 1506 1162 αὐτὴν
1531 1068 1550 1140 ὃ
1579 1073 1668 1151 θεὸς
1691 1073 1878 1161 βούλεται
1923 1070 2042 1155 Οὕτως
2117 1121 2122 1131 ·

513 1174 586 1271 ἄρα
612 1182 673 1245 καὶ
698 1170 740 1244 οὗ
764 1175 914 1263 μεθέξει
942 1183 1044 1261 ποτέ,
1072 1167 1156 1244 ὅταν
1182 1168 1290 1265 αὐτὴν
1315 1179 1367 1265 μὴ
1391 1174 1499 1244 θέλοι
1526 1179 1598 1267 ζῆν.
1653 1172 1703 1245 Οὐ
1724 1178 1796 1269 γὰρ
1824 1173 1915 1246 ἴδίον
1936 1172 2043 1269 αὐτῆς

512 1278 582 1350 εὀτι
608 1282 646 1349 τό
671 1282 733 1370 ζῆν
760 1274 810 1356 ὥς
836 1280 898 1348 τοῦ
926 1276 1039 1349 θεοῦ·
1066 1272 1163 1346 ἄλλα
1191 1271 1314 1369 ὥσπερ
1342 1274 1542 1372 ἄνθρωπος
1564 1274 1607 1348 οὐ
1631 1277 1824 1372 θιαπαντός
1845 1279 1935 1349 ἐστιν
1960 1276 2041 1353 οὐδὲ

510 1388 667 1458 σύνεστιν
700 1384 761 1452 olel
793 1384 834 1474 τῇ
867 1385 966 1475 ψυχῇ
998 1383 1035 1449 τὸ
1070 1382 1198 1469 σῶμα,
1236 1374 1334 1466 ἀλλ’,
1374 1375 1459 1451 ὅταν
1493 1380 1555 1473 dc'p
1590 1381 1749 1473 λυθῆναι
1775 1385 1837 1473 την
1862 1378 2041 1477 ἁρμονίαν

512 1492 649 1577 ταύτην,
676 1477 882 1555 καταλείπει
918 1480 1061 1578 ἡψυχὴ
1095 1487 1133 1553 τὸ
1168 1486 1277 1572 ουλμα
1312 1488 1372 1551 καὶ
1402 1479 1421 1553 ὅ
1458 1480 1658 1578 ἄνθρωπος
1688 1480 1753 1555 οὐκ
1784 1484 1893 1573 ἔστιν,
1930 1482 2041 1567 οὕτως
2144 1541 2150 1552 .

491 1597 569 1660 καὶ
593 1583 680 1659 ὅταν
703 1587 763 1681 δέη
784 1590 846 1677 τὴν
869 1583 995 1681 ψυχὴν
1007 1595 1131 1677 μηκέτι
1159 1581 1272 1673 εἶναι,
1295 1582 1426 1678 α’πίοτη
1453 1581 1513 1656 α’ττ)
1534 1581 1639 1679 αὐτῆς
1661 1591 1699 1668 τὸ,
1721 1590 1871 1668 ζωτικὸν
1897 1594 2038 1681 πνεῦμα

508 1700 569 1763 καὶ
596 1687 660 1763 οὐκ
683 1690 774 1771 ἔστιν
793 1686 814 1781 ἡ
832 1694 928 1784 ψυχὴ
946 1689 1011 1775 ἔτι,
1037 1684 1134 1758 ἄλλα
1156 1695 1217 1757 καὶ
1234 1684 1320 1780 αὕτη
1340 1683 1431 1797 ὅθεν
1452 1688 1597 1781 ἐλήφθη
1615 1691 1726 1760 ε’κεῑσε
1740 1696 1857 1786 χωρεῖ
1873 1696 1984 1762 πάλιν
1997 1693 2036 1789 1).

621 1791 735 1865 Cuius
767 1789 839 1878 loci
872 1813 996 1863 veram
1032 1788 1368 1888 interpretationem
1397 1788 1544 1890 ,primus
1578 1790 1718 1864 invenit
1749 1790 1966 1866 Dunckerus
1998 1794 2038 1867 in

507 1893 631 1967 libello
660 1892 807 1993 saepius
830 1890 903 1965 iam
932 1890 1088 1965 anobis
1114 1890 1280 1985 laudato,
1310 1917 1382 1988 quo
1409 1892 1687 1992 apologetarum
1714 1891 1759 1966 de
1782 1894 2036 1969 essentialibus

506 2009 657 2070 naturae
683 1996 866 2068 humanae
891 1994 1056 2093 partibus
1082 2005 1209 2066 narrat
1230 1993 1428 2068 sententias
1445 1994 1484 2089 2).
1546 1993 1619 2084 Qui
1634 2021 1642 2041 .
1656 1994 1852 2093 quamdam
1888 1996 2034 2093 quidem

506 2098 577 2170 hoc
611 2097 692 2170 loco
728 2095 880 2197 reperiri
915 2094 1187 2169 trichotomiam
1215 2095 1339 2190 docet,
1374 2121 1525 2195 prorsus
1560 2111 1684 2171 tamen
1719 2096 1987 2197 discrepantem
2014 2126 2037 2173 a

506 2198 714 2291 Platonica,
743 2199 910 2301 spiritum
934 2198 1056 2292 illum,
1084 2197 1187 2270 cuius
1213 2195 1381 2292 lustinus
1404 2198 1629 2273 mentionem
1655 2197 1781 2291 faciat,
1817 2199 1916 2273 haud
1953 2202 2033 2299 qui·

505 2300 589 2374 dem
611 2301 800 2374 rationalis
827 2300 973 2376 animae
997 2314 1140 2401 partem
1167 2306 1303 2395 (ιμυχην
1319 2299 1486 2394 λογικήν)
1512 2327 1592 2374 esse
1617 2299 1813 2395 contendit,
1834 2301 1896 2375 sed
1915 2302 2033 2402 ipsam

505 2404 599 2478 vitae
625 2403 885 2496 substantiam,
912 2403 1051 2477 fontem
1079 2428 1121 2475 ac
1146 2402 1370 2503 principium
1396 2402 1517 2476 omnis
1543 2402 1661 2497 vitae,
1684 2402 1797 2475 vitam
1822 2403 1933 2498 illam,
1961 2431 2034 2502 qua

503 2505 677 2600 vivimus,
711 2530 922 2602 nonquam
957 2504 1126 2578 vivimus.
1179 2505 1307 2603 ltaque
1346 2503 1440 2577 nihil
1474 2504 1574 2579 aliud
1617 2502 1785 2577 lustinus
1820 2505 1931 2580 verbo
1968 2507 2031 2579 illo

503 2607 704 2708 significari
730 2607 853 2701 voluit,
881 2607 953 2680 nisi
979 2607 1159 2680 rationem
1186 2607 1286 2680 illam
1311 2607 1483 2681 omnibus
1505 2606 1635 2681 creatis
1653 2606 1763 2680 rebus
1787 2632 2030 2702 communem,
2063 2641 2066 2648 ’

501 2736 574 2809 qua
596 2710 721 2783 anima
747 2703 910 2782 humana
936 2723 1056 2783 totae
1081 2708 1233 2783 numine
1255 2709 1381 2782 divino
1408 2710 1583 2808 pendens,
1610 2708 1799 2808 propriam
1824 2708 1936 2783 vitam
1953 2735 2030 2783 non

501 2811 651 2905 habeat,
677 2810 740 2885 sed
767 2809 1098 2908 ortumvitamque
1123 2837 1168 2884 ex
1195 2811 1274 2883 solo
1300 2810 1371 2885 Dei
1397 2811 1549 2885 arbitrio
1577 2809 1696 2883 ducat
1759 2808 1882 2900 Quare
1916 2810 2029 2886 lusti-

500 2941 588 2988 num
616 2914 752 2986 iudicat
777 2913 929 2987 minime
956 2937 1079 2986 secum
1106 2912 1186 3010 ipso
1213 2938 1390 3013 pugnare,
1424 2913 1523 3011 quod
1549 2911 1772 3009 ubicumque
1792 2912 2029 2987 necessitudi-

500 3044 586 3090 nem
603 3015 765 3089 hominis
786 3040 868 3087 cum
888 3013 966 3089 Deo
984 3014 1084 3087 haud
1105 3014 1284 3113 respiciat,
1311 3014 1376 3088 sed
1392 3012 1437 3087 de
1453 3041 1528 3088 uno
1548 3014 1698 3089 homine
1720 3012 1884 3109 disserat,
1903 3015 2028 3089 divino

500 3118 564 3192 illo
591 3118 718 3218 spiritu
746 3115 864 3212 vitali,
900 3116 995 3191 vitae
1020 3116 1140 3190 omnis
1162 3116 1364 3216 principio,
1392 3119 1578 3217 neglecto,
1615 3116 1706 3189 duas
1732 3132 1873 3190 tantum
1899 3117 1938 3189 in
1960 3118 2027 3190 ho-

498 3222 598 3295 mine
625 3220 808 3294 discernat
831 3232 970 3319 partos:
1010 3236 1142 3318 corpus
1170 3232 1205 3292 et
1230 3220 1394 3292 animam
1409 3220 1452 3318 ὅ).

612 3323 741 3421 Neque
774 3321 897 3394 minus
926 3323 1077 3395 alteram
1105 3321 1333 3417 sententiam,
1370 3347 1480 3419 quam
1511 3321 1580 3394 viri
1611 3320 1710 3393 docti
1728 3320 1778 3420 4),
1819 3335 1859 3394 ut
1889 3319 2028 3395 Justini

466 3420 468 3423 ’
498 3425 703 3500 doctrinam
717 3424 763 3498 de
783 3423 944 3498 hominis
961 3422 1119 3523 partium
1138 3437 1269 3496 natura
1286 3450 1330 3498 ex
1351 3422 1506 3497 Platone
1522 3422 1683 3523 pendere
1696 3421 1923 3521 probaretur,
1947 3449 2026 3497 sae·

368 3523 371 3531 ’
496 3529 578 3629 pius
605 3527 819 3621 attulerunt,
859 3526 1049 3620 docentes,
1086 3525 1287 3624 Martyrem
1310 3525 1472 3598 animam
1500 3525 1559 3599 vel
1582 3524 1760 3598 rationale
1788 3524 1888 3623 quod
1913 3525 1960 3598 sit
1985 3526 2025 3598 in
2059 3627 2066 3641 ι
2097 3557 2100 3562 ·
2151 3525 2157 3534 ’

497 3629 648 3703 bomine
681 3627 901 3728 principium
934 3627 1151 3728 particulam
1186 3652 1266 3701 esse
1294 3628 1409 3726 ipsius
1434 3626 1581 3701 divinae
1604 3626 1829 3700 substantiae
1855 3627 2023 3719 voluisse,

496 3731 670 3806 facillime
704 3730 884 3804 infirmari
917 3755 1042 3828 posse,
1090 3729 1198 3803 certis
1231 3729 1437 3803 rationibus
1472 3728 1761 3803 demonstratum
1797 3742 1861 3802 est.
1930 3728 2023 3802 Tres
2117 3743 2124 3756 '

495 3835 594 3909 enim
620 3832 802 3934 imprimis
829 3831 901 3905 loci
926 3831 1024 3931 apud
1049 3830 1236 3905 lustinum
1264 3831 1444 3931 leguntur,
1473 3830 1606 3929 quibus
1628 3830 1747 3905 allatis
1774 3830 1828 3902 illi
1845 3830 1915 3902 viri
1930 3856 2024 3927 quae

496 3937 637 4031 vellent,
666 3934 825 4035 probare
848 3932 1036 4030 solebant3
1072 3933 1136 4008 sed
1162 3949 1202 4006 ut
1227 3933 1387 4009 breviter
1410 3933 1473 4008 hic
1498 3957 1720 4025 enarremus,
1756 3956 1849 4029 quae
1872 3930 1947 4004 iam
1974 3933 2021 4005 ab

495 4040 577 4112 aliis
605 4039 855 4112 demonstrata
879 4051 963 4110 sunt
978 4036 1019 4134 5),
1057 4037 1108 4109 ita
1132 4051 1172 4110 ut
1196 4036 1299 4109 nulla
1322 4063 1401 4111 esse
1427 4035 1544 4135 possit
1568 4034 1748 4108 dubitatio
1796 4078 1811 4083 -
1848 4032 1947 4132 quod
1973 4034 2021 4107 ad

495 4142 656 4241 primum
681 4140 802 4213 locum
826 4138 954 4213 attinet
969 4138 1011 4237 ⁶),
1040 4137 1155 4213 verba
1179 4164 1254 4211 non
1281 4136 1418 4212 lustini
1445 4151 1539 4231 sunt,
1566 4136 1630 4211 sed
1656 4135 1874 4234 disputantis
1901 4134 2020 4208 cuius-

605 4382 635 4451 1)
660 4395 685 4433 e.
711 4376 729 4432 6
753 4395 781 4453 p.
806 4377 868 4433 224
890 4371 960 4444 Bc,
988 4371 1035 4430 ed.
1061 4368 1132 4430 Otto
1156 4390 1184 4449 p.
1209 4371 1248 4429 28
1272 4388 1316 4448 sq.

601 4464 632 4537 2)
656 4461 802 4539 particula
824 4462 847 4535 I,
870 4481 900 4540 p.
925 4462 953 4521 b.
1345 4499 1349 4506 ·

600 4550 631 4625 3)
655 4550 673 4605 l.
698 4549 717 4605 l.
740 4568 768 4626 p.
793 4551 822 4607 b.

597 4636 630 4712 4)
656 4633 728 4695 Otto
759 4636 806 4693 De
828 4635 910 4694 Just.
940 4633 1027 4691 Mart.
1052 4649 1108 4688 scr.
1138 4638 1169 4687 et
1198 4627 1290 4687 doctr.
1322 4646 1351 4705 p.
1383 4626 1444 4683 150
1473 4643 1539 4703 sqq.
1570 4625 1683 4696 -Keil,
1719 4623 1850 4704 opuscul.
1880 4622 2020 4698 academ.

490 4744 519 4800 p.
537 4724 608 4782 678.
653 4722 818 4782 Souvsrain
842 4721 911 4793 „Le
934 4719 1119 4777 Platonisme
1142 4712 1281 4774 devoild”
1305 4733 1333 4791 p.
1359 4713 1429 4771 129.

570 4870 574 4875 .
599 4809 629 4884 5)
654 4808 787 4869 Semisch
810 4808 829 4865 l.
853 4808 871 4865 l.
894 4806 989 4884 lI.'p.
1014 4806 1076 4865 364
1100 4822 1164 4882 sqq.
1209 4799 1353 4860 Duncker
1375 4800 1395 4857 1.
1418 4799 1437 4857 l.
1460 4817 1488 4876 p.
1513 4799 1531 4855 6
1556 4816 1600 4877 sq.

598 4899 629 4969 6)
653 4896 700 4954 De
723 4914 833 4955 resurr.
855 4914 879 4952 c.
903 4895 922 4952 8
945 4913 975 4971 p.
993 4892 1055 4951 594
1078 4890 1125 4948 A:
1163 4882 1229 4945 ἀλλ’
1256 4882 1341 4963 ἡμὲν
1362 4882 1443 4963 ψυχή
1467 4882 1546 4943 ἐστιν
1568 4880 1736 4959 ἄφθαρτος
1756 4883 1847 4957 μέρος
1868 4874 1943 4938 οὖσα
1967 4880 2018 4937 τοῦ

488 4982 563 5041 θεοῦ
586 4977 636 5040 καὶ
660 4979 818 5058 ἐμφύσημα
843 4974 892 5039 καὶ
923 4977 974 5039 διὰ
1000 4972 1145 5037 τουτο-τὸ
1170 4969 1244 5035 ἴδιοι
1268 4969 1318 5033 καὶ
1342 4967 1477 5049 υυχχὲιες
1500 4965 1627 5046 ἠθέλησε
1652 4968 1747 5027 σῶσαι
1770 4965 1796 5048 (d
1822 4962 1923 5047 θεός)
1947 4960 1963 5042 η
1987 4961 2017 5024 δὲ

489 5065 564 5145 σὰρξ
585 5066 708 5145 φθαηιι)
731 5065 780 5128 καὶ
803 5064 853 5127 oia’
879 5062 972 5127 ariaci
997 5060 1138 5137 καθάπερ
1161 5058 1177 5136 ι)
1201 5057 1291 5140 ψυχή.

1716 5169 1735 5234 7
