5034 6084
1161 614 1206 687 10

420 817 522 908 ribus
549 830 675 889 contra
700 818 904 914 haereticos
929 818 1004 892 sive
1036 817 1134 889 siros
1167 815 1295 890 doctos
1329 816 1375 891 de
1408 817 1551 892 haeresi
1578 830 1765 917 suspectos
1798 832 1952 917 repetrta

422 934 485 995 est.
537 918 766 1016 Itaqueiam
788 949 810 994 ιι
837 918 1065 994 Tertulliano
1090 918 1151 1035 (in
1171 918 1254 992 libr.
1282 918 1328 993 de
1351 920 1564 1036 praescript.
1591 919 1674 993 adV.
1702 920 1837 995 haeret.
1865 945 1896 993 c.
1919 925 1950 1014 7,

423 1022 503 1095 coll.
527 1046 556 1094 c.
581 1023 644 1118 30)
681 1022 850 1098 haereses
887 1049 909 1095 a
941 1019 1178 1121 philosophia
1203 1019 1399 1094 subornari
1429 1022 1618 1096 contendit
1604 1035 1662 1094 tur
1688 1035 1723 1097 et
1747 1020 1795 1097 ab
1822 977 1952 1098 eodeni

422 1122 677 1200 ecclesiae
693 1152 731 1199 re
768 1125 933 1198 onmium
967 1123 1233 1198 haereticorum
1267 1122 1479 1198 condiment
1465 1137 1541 1196 tum
1575 1123 1708 1197 dicitur
1734 1123 1840 1198 Plato
1874 1122 1952 1226 (lib.

426 1227 471 1300 de
498 1251 556 1297 an.
583 1139 794 1326 ιιΧΧΠΙ),
831 1225 1043 1326 philosophi
1076 1250 1163 1298 vero
1192 1225 1313 1298 cuncti
1286 1225 1607 1300 thaereticorum
1633 1225 1900 1326 patriarchae
1889 1253 1954 1326 a·p

424 1328 563 1428 pellant
563 1354 617 1400 ιιι.
681 1328 751 1403 Cui
778 1255 996 1403 Teitnlliani
1029 1328 1229 1402 sententiae
1262 1326 1372 1401 etiam
1403 1325 1654 1427 Hieronymus
1691 1354 1862 1403 assensus
1889 1344 1954 1422 est,

425 1429 489 1503 ubi
516 1429 682 1504 scribens
710 1430 828 1531 (epist.
845 1427 971 1504 XLIII
996 1427 1044 1501 ad
1067 1428 1256 1528 Ctesiph.).
1285 1429 1444 1504 Pulchre
1469 1428 1621 1546 quidam
1647 1443 1856 1503 nostrorum
1883 1429 1951 1503 ait:

422 1530 641 1631 Philosophi
668 1533 896 1632 patriarchae
921 1529 1189 1605 haereticorum
1215 1531 1390 1606 ecclesiae
1414 1532 1608 1632 puritatem
1634 1558 1806 1631 perversa
1829 1556 1953 1606 macu-

422 1634 545 1707 lavere
578 1634 796 1735 doctrinal).
858 1632 1033 1731 Idemque
1072 1632 1311 1731 opprobrium
1344 1633 1442 1733 apud
1473 1632 1667 1708 Irenaeum
1699 1633 1850 1734 legitur,
1888 1632 1953 1706 ubi

423 1734 674 1810 Valentiniani
698 1736 949 1811 doctrinarum
975 1747 1140 1808 auctores
1165 1734 1431 1835 Anaxagoram
1457 1734 1546 1809 dicit
1569 1749 1604 1811 et
1629 1734 1892 1835 Empedoclem
1919 1750 1955 1809 et

423 1836 507 1911 Plat
493 1852 636 1912 t:onenr
664 1840 762 1914 idern
786 1837 884 1938 apud
907 1836 1120 1936 Origenern,
1148 1838 1210 1934 qui
1228 1851 1341 1911 totam
1364 1837 1517 1911 Domini
1544 1837 1734 1913 ecclesiam
1758 1837 1888 1912 Gnost
1864 1852 1954 1911 t-rco

425 1966 505 2012 rum
522 1954 664 2014 sentent
666 1942 710 2014 iis
733 1969 777 2017 ex
794 1938 1101 2055 philosophorum
1122 1938 1299 2013 doctrinis
1318 1939 1458 2013 haustis
1473 1940 1650 2039 pollutam
1666 1967 1745 2015 esse
1761 1939 1953 2015 existimat

526 2042 682 2142 Culpam
715 2071 801 2117 vero
839 2042 877 2114 iu
910 2039 1112 2114 haereticos
1145 2040 1282 2116 abusus
1316 2041 1573 2142 philosophiae
1599 2042 1747 2159 gentilis
1773 2044 1954 2136 collatam,

425 2170 509 2215 mor
537 2145 675 2243 singuli
707 2159 764 2218 ort
750 2144 933 2217 thodoxae
962 2141 1136 2217 ecclesiae
1163 2142 1330 2220 doctores
1359 2143 1452 2217 alius
1484 2143 1548 2217 alii
1582 2142 1728 2217 crimini
1755 2144 1954 2219 vertebant.

424 2244 503 2318 lam
528 2246 573 2320 de
599 2247 787 2321 Clemente
813 2244 1065 2320 Alexandrino
1089 2258 1237 2343 questus
1267 2261 1322 2321 est
1346 2242 1605 2320 Eusebius.
1580 2273 1693 2320 aanor
1717 2274 1808 2319 κατα
1808 2259 1954 2341 μίγνυσι

424 2355 484 2418 arci
513 2377 554 2419 τιι
578 2354 791 2442 φιλοσόφων
816 2351 982 2442 δόγματα
1010 2346 1107 2448 (hist.
1084 2347 1259 2422 t.eccles
1285 2348 1337 2420 VI
1364 2372 1394 2421 c.
1422 2348 1508 2446 l3)3
1529 2348 1645 2423 multo
1608 2349 1836 2449 tapertius
1867 2376 1953 2423 vero

425 2449 471 2523 ab
488 2445 665 2549 Hreronp
668 2479 746 2547 mo,
784 2450 994 2544 Methodio,
1029 2448 1204 2523 Marcello
1237 2449 1457 2548 Ancyram,
1492 2406 1587 2524 Just
1562 2450 1703 2525 trniano
1738 2451 1821 2525 aliis
1848 2449 1955 2524 nimii

426 2550 606 2652 Origenes
638 2553 896 2653 philosophiae
921 2550 1134 2626 Platonicae
1158 2552 1295 2625 auroris
1323 2566 1512 2625 accusatus
1539 2570 1593 2627 est
1602 2568 1750 2651 ,utque
1784 2580 1955 2653 perverse

425 2653 473 2727 ad
498 2654 678 2728 radenda
711 2671 820 2754 atque
849 2652 1066 2728 illustranda
1092 2652 1283 2770 religionis
1311 2653 1533 2774 christianae
1559 2609 1704 2729 debreta
1730 2654 1813 2729 Plat
1799 2671 1884 2729 tone
1911 2654 1958 2726 sit

425 2782 523 2831 usus.
578 2755 740 2846 Quinet
726 2756 1012 2857 tAugustinuS,
1048 2755 1110 2853 qui
1140 2754 1220 2854 ipse
1246 2756 1461 2830 multust
1407 2771 1461 2830 est
1487 2755 1526 2830 in
1551 2755 1764 2832 Platonicae
1790 2758 1954 2857 philoso-

424 2857 535 2960 phiae
561 2858 742 2956 laudibus,
770 2859 968 2932 nonnullos
994 2857 1128 2931 refellit
1155 2856 1328 2959 (det
1242 2856 1356 2932 doctr.
1381 2858 1505 2932 christ.
1529 2860 1576 2933 Il.
1601 2884 1631 2931 c.
1654 2862 1714 2932 28.
1767 2859 1884 2961 Epist.
1861 2863 1952 2932 3ι4

424 2960 485 3036 Ad
512 2960 657 3036 Paulin.
685 2962 752 3035 sub
778 2960 925 3061 finem),
954 2986 1046 3058 quos
1072 2972 1151 3034 tant
1137 2973 1194 3034 tus
1220 2958 1304 3034 Plat
1289 2933 1386 3034 tonis
1412 2987 1517 3033 amor
1542 2962 1735 3057 invaserat,
1761 2960 1954 3037 utdesum

352 3055 359 3063 ⁸
427 3064 615 3138 Christum
644 3063 834 3136 dominnm
861 3075 1026 3136 nostrum
1056 3088 1184 3136 omnes
1211 3088 1302 3159 quas
1329 3062 1457 3135 mirari
1481 3077 1516 3136 et
1538 2989 1785 3163 praedicareu
1778 3090 1955 3163 cogeren-

425 3183 484 3240 tur
519 3165 716 3241 sententias
748 3164 832 3239 Plat
818 3164 950 3239 tonicis
984 3190 1029 3238 ex
1066 3163 1170 3238 libris
1205 3163 1379 3237 didicisse
1413 3163 1633 3265 dicerent²)3
1679 3192 1772 3263 quae
1807 3165 1955 3264 quidem

427 3284 553 3343 senten
555 3268 606 3341 tia
637 3293 788 3367 prorsus
822 3294 910 3340 sane
944 3265 1119 3340 abhorret
1149 3266 1196 3339 ab
1232 3265 1347 3339 altera
1371 3265 1436 3338 illa
1467 3282 1594 3366 postea
1620 3267 1954 3359 commemoranda,

305 3425 308 3430 .
427 3398 499 3468 qua
524 3370 717 3444 Platonem
746 3384 957 3467 ceterosque
990 3393 1144 3468 graecos
1175 3367 1417 3499 philosophos
1451 3369 1604 3444 aMose
1638 3396 1731 3468 qua-e
1765 3383 1863 3445 recta
1888 3370 1954 3441 ha·

426 3472 573 3546 buerint
597 3498 659 3544 mu
662 3485 780 3546 tuatos
810 3498 889 3546 esse
915 3469 1104 3571 putabant.

527 3572 631 3648 Idem
659 3601 745 3647 vero
781 3573 985 3648 doctrinam
1023 3570 1146 3645 christ
1122 3584 1260 3644 tranant
1294 3570 1423 3673 gentili
1457 3571 1694 3672 philosophia
1719 3573 1953 3693 depravatam

426 3703 505 3752 csse
531 3675 806 3776 opprobrium
796 3702 834 3748 m
861 3674 1055 3750 recentiori
1080 3686 1197 3747 aetate
1189 3700 1358 3790 ,magna
1384 3674 1544 3772 quadam
1565 3673 1667 3749 haud
1692 3702 1776 3751 raro
1795 3677 1958 3750 innisum

427 3779 594 3852 doctrina
630 3778 812 3878 prolatum
846 3777 1030 3875 absque
1022 3775 1163 3849 aliis
1129 3776 1218 3850 vrris
1246 3774 1363 3850 doctis
1390 3777 1652 3875 veritatemque
1680 3804 1755 3851 nou
1788 3796 1956 3854 accurate

426 3881 601 4057 anquiren
605 3880 720 3976 tibus,
755 3906 855 3996 repe
843 3879 946 3952 titum
975 3893 1039 3953 est.
1097 3878 1236 3952 Veteris
1263 3878 1437 3953 ecclcsiae
1462 3878 1697 3997 temporibus
1720 3879 1957 3981 philosophia

426 3982 675 4082 etimprirnis
710 3982 794 4056 Plat
780 3980 961 4055 tonismus
1001 3980 1116 4053 nimio
1160 3979 1199 4052 in
1232 3980 1374 4055 honore
1411 3980 1560 4056 habitus
1594 3981 1739 4055 crimini
1774 3982 1957 4057 dabantur

426 4085 597 4161 haeret
539 4100 619 4158 trcrs
646 4085 692 4158 ab
722 4084 949 4158 orthodoxae
975 4083 1150 4158 ecclesiae
1176 4082 1398 4178 doctoribus,
1426 4083 1568 4182 virique
1592 4082 1701 4178 docti,
1729 4084 1956 4160 orthodoxae

426 4188 541 4262 doct
497 4204 615 4262 trmae
642 4186 856 4286 opinionem
878 4184 1068 4281 habentes,
1093 4212 1162 4285 pro
1189 4184 1402 4259 auctoritate
1428 4185 1722 4304 philosophiae
1711 4212 1752 4259 ιιι
1779 4185 1956 4261 doctrinis

427 4289 643 4389 scriptisque
679 4315 806 4363 eorum
832 4302 975 4388 reperta
1008 4300 1050 4362 et.
1068 4286 1248 4384 indicata,
1282 4285 1322 4360 ιιι
1348 4287 1543 4363 haereseos
1575 4287 1822 4389 suspicionem
1847 4315 1955 4363 voca—

426 4391 627 4487 bantur3
617 4418 656 4464 m
694 4389 798 4464 his
788 4390 879 4490 rpsis
914 4390 1142 4490 temporibus
1178 4344 1367 4464 dodtrinae
1401 4389 1614 4490 depravatio
1649 4390 1821 4466 universo
1856 4391 1955 4490 quod

426 4494 544 4569 excult
531 4509 606 4567 tum
634 4507 712 4567 erat
738 4490 942 4567 orthodoxo
969 4490 1135 4592 dogmati
1161 4490 1307 4564 crimini
1334 4490 1420 4565 data
1445 4506 1508 4567 est

527 4595 630 4685 Quae
665 4594 813 4693 quidem
845 4592 891 4670 de
921 4609 1066 4694 patrum
1092 4592 1289 4669 ecclesiast
1265 4609 1421 4667 trcorum
1446 4593 1673 4668 Platonismo
1708 4596 1957 4670 controversia

424 4699 463 4770 in
490 4695 772 4772 Socinianorum
799 4710 834 4772 et
860 4695 1164 4772 Armiuianoruln
1189 4695 1345 4771 excitata
1370 4711 1425 4772 est
1450 4694 1788 4795 disquisitionibus,
1825 4696 1956 4797 primis

512 4937 539 5019 1)
563 4935 680 4995 ιιΚιίΙ
690 4935 839 5016 ,,Οριιιιι.
850 4935 954 4994 accde
965 4955 996 5016 p.
1005 4939 1066 4998 441
1080 4957 1144 5019 sqq.
1191 4936 1309 5000 Walch.
1318 4939 1506 5002 Bibliotheca
1519 4939 1674 5019 patristica
1687 4937 1734 4999 ed.
1747 4939 1834 4998 Dana
1841 4958 1870 5017 p.
1883 4940 1955 4998 438.

512 5026 540 5104 2)
564 5023 600 5083 cf.
625 5023 741 5084 Walch.
766 5025 785 5085 l.
809 5024 828 5083 l.
850 5043 879 5102 p.
894 5024 970 5083 441.
