5034 6084
1056 1911 1362 2006 INDEX.

443 2364 633 2423 Prooemium
695 2408 1799 2426 ......................
1844 2388 1911 2447 pag.
1952 2374 1967 2427 1

442 2506 629 2583 Apologetas
653 2506 745 2565 seculi
766 2504 809 2565 Π.
833 2523 959 2581 graecae
983 2504 1157 2564 eruditionis
1180 2514 1210 2566 et
1232 2506 1441 2586 philosophiae
1463 2509 1583 2586 ignaros
1611 2528 1670 2567 non
1693 2508 1795 2581 luisse,

528 2631 599 2689 prae
629 2612 737 2672 ceteris
766 2610 934 2689 platonicae
964 2617 994 2668 et
1022 2611 1134 2669 stoicae
1157 2609 1366 2692 philosophiae
1388 2612 1573 2685 incubuisse,
1604 2612 1748 2691 probatur
1792 2659 1798 2671 .
1867 2660 1883 2686 ‚‚
1951 2620 1969 2675 3

441 2750 680 2827 Apologetarum
705 2749 743 2808 de
766 2749 889 2828 antiqua
913 2746 1105 2828 philosophia
1126 2747 1236 2808 iudicia
1271 2794 1884 2821 ............
1950 2755 1969 2812 5

447 2891 493 2948 De
516 2890 703 2948 Platonismo
725 2898 843 2966 patrum
866 2886 1010 2946 ecclesiae
1033 2885 1105 2965 quid
1128 2888 1166 2945 sit
1188 2887 1380 2946 statuendum
1405 2892 1564 2965 exponitur
1588 2933 1803 2949 .....
1867 2939 1884 2969 ,,
1951 2896 1969 2952 9

445 3029 580 3087 Historia
602 3026 825 3086 controversiae
846 3024 884 3083 de
908 3025 1094 3084 Platonismo
1117 3036 1200 3084 ortae
1223 3026 1327 3102 paucis
1350 3036 1487 3103 narratur
1531 3074 1538 3086 .
1688 3075 1694 3087 .
1739 3077 1746 3089 .
1794 3080 1800 3091 .
1868 3078 1884 3109 ‚,
1950 3037 1999 3092 9·

445 3172 680 3249 Apologotarum
705 3167 859 3226 doctrinae
883 3164 920 3224 de
944 3164 1011 3223 Deo
1035 3167 1159 3246 eiusque
1182 3168 1332 3228 attributis
1371 3215 1588 3227 .....
1623 3135 1627 3141 Ι
1634 3216 1882 3243 ......
1929 3176 1968 3232 19

441 3315 499 3408 Vis
519 3311 669 3393 quemad
693 3310 768 3369 banc
791 3308 957 3368 doctrinam
980 3308 1175 3369 excolendam
1205 3309 1362 3371 habuerint
1392 3312 1567 3391 disciplinae
1598 3322 1629 3371 et
1658 3312 1793 3372 Platonis

528 3429 558 3476 et
581 3416 714 3476 Philonis
740 3455 1882 3489 .......................
1928 3421 1965 3476 21

442 3556 675 3633 Apologatarum
699 3553 737 3612 de
760 3553 828 3629 logo
852 3551 1005 3610 doctrinae
1028 3565 1219 3629 exponuntur
1264 3597 1270 3608 .
1316 3598 1322 3610 .
1369 3577 1393 3612 .·
1421 3600 1880 3629 ..........
1928 3563 1967 3619 23

442 3697 496 3754 Vis
518 3715 606 3774 quarn
631 3696 754 3773 antiqua
778 3694 977 3773 philosophia,
1001 3694 1144 3771 imprimis
1162 3694 1297 3752 Philonis
1321 3693 1479 3772 disciplina
1502 3695 1540 3755 ad
1556 3695 1668 3756 Justini
1692 3697 1797 3757 doctri-

527 3820 595 3858 nam
617 3798 764 3871 hahuerit‚
797 3799 956 3876 exponitur
1001 3840 1639 3859 .............
1648 3785 1652 3801 ’
1686 3845 1881 3874 ‚‚‚‚‚
1928 3806 1968 3861 24

441 3938 585 3997 Eiusdem
611 3938 820 4019 philosophiae
842 3937 889 3997 vis
912 3936 951 3996 ad
973 3938 1093 3995 Tatiani
1123 3937 1287 3996 doctrinam
1319 3982 1880 4013 ............
1927 3947 1966 4002 27

441 4077 902 4155 Ad'rheophilidootrinam.
949 4124 955 4135 .
1003 4123 1008 4134 .
1054 4123 1060 4135 .
1107 4126 1112 4136 .
1158 4122 1165 4134 .
1211 4123 1217 4133 .
1265 4122 1271 4135 .
1318 4122 1324 4135 .
1370 4127 1375 4135 .
1423 4124 1428 4135 .
1476 4127 1481 4137 .
1529 4126 1533 4135 .
1583 4127 1587 4135 .
1634 4127 1640 4136 .
1687 4126 1693 4138 .
1739 4129 1798 4142 ..
1863 4130 1879 4155 ,τ
1927 4088 1965 4143 27

441 4220 490 4278 Ad
512 4219 726 4293 Athenagorae
750 4217 913 4276 doctrinam
947 4262 1879 4296 ....................
1926 4201 1966 4284 28

440 4361 677 4437 Apologetarum
701 4356 739 4416 de
762 4358 875 4433 angelis
898 4359 1010 4436 placita
1033 4369 1224 4436 exponuntur
1262 4402 1880 4435 .............
1926 4367 1966 4424 29

440 4499 521 4575 Quid
545 4499 583 4557 de
607 4497 707 4557 mundi
731 4499 882 4557 creatione
905 4502 1064 4559 statuerint
1087 4502 1276 4579 apologetae,
1301 4500 1480 4559 diiudicatur
1525 4545 1880 4576 ........
1927 4508 1966 4564 32

439 4640 519 4715 Quid
542 4642 618 4699 inter
640 4637 886 4718 philosophorum
909 4650 939 4699 et
961 4642 1189 4721 apologetarum
1214 4642 1363 4700 doctrinas
1386 4642 1509 4711 intersit,
1533 4642 1693 4720 exponitur
1738 4686 1744 4698 .
1790 4689 1795 4700 .
1864 4690 1880 4712 „
1927 4647 1968 4703 34

438 4782 675 4859 Apologetarum
698 4779 736 4838 de
759 4779 953 4856 inspiratione
976 4763 1128 4840 doctrinae
1154 4822 1880 4851 ...............
1927 4785 1967 4841 38

438 4922 557 4981 Stoicae
585 4921 792 5000 philosophiae
821 4920 866 4978 vis
896 4919 935 4978 ad
958 4921 1100 5001 Martyris
1132 4921 1170 4981 de
1201 4922 1270 4998 logo
1301 4923 1355 4979 toti
1385 4920 1497 4980 mundo
1527 4921 1615 4980 insito
1646 4921 1796 4981 doctrinas
1864 4968 1880 4993 ‚,
1925 4927 1967 4983 40

436 5059 664 5137 Discrepantiae
686 5060 763 5118 inter
783 5058 896 5118 Justini
920 5069 950 5120 et
973 5059 1139 5119 Stoicorum
1163 5061 1201 5120 de
1224 5060 1294 5137 logo
1316 5060 1428 5138 placita
1449 5057 1636 5117 illustrantur
1681 5103 1688 5115 .
1733 5107 1739 5119 .
1785 5105 1793 5119 .
1860 5105 1877 5132 „
1924 5061 1964 5120 46
